%% This BibTeX bibliography file was created using BibDesk.
%% http://bibdesk.sourceforge.net/


%% Created for David Karapetyan at 2010-03-24 16:49:24 -0400 


%% Saved with string encoding Unicode (UTF-8) 



@book{Folland-1999-Real-analysis,
	Address = {New York},
	Author = {Folland, Gerald B.},
	Date-Added = {2010-03-24 16:49:19 -0400},
	Date-Modified = {2010-03-24 16:49:22 -0400},
	Edition = {Second},
	Isbn = {0-471-31716-0},
	Mrclass = {00A05 (26-01 28-01 46-01)},
	Mrnumber = {MR1681462 (2000c:00001)},
	Note = {Modern techniques and their applications, A Wiley-Interscience Publication},
	Pages = {xvi+386},
	Publisher = {John Wiley \& Sons Inc.},
	Series = {Pure and Applied Mathematics (New York)},
	Title = {Real analysis},
	Year = {1999},
	Bdsk-Url-1 = {http://www.ams.org.proxy.library.nd.edu/mathscinet-getitem?mr=1681462}}

@book{Dieudonne-1960-Foundations-of-modern-analysis,
	Address = {New York},
	Author = {Dieudonn{{\'e}}, J.},
	Date-Added = {2010-03-20 15:08:56 -0400},
	Date-Modified = {2010-03-20 15:20:47 -0400},
	Mrclass = {26.00 (30.00)},
	Mrnumber = {MR0120319 (22 \#11074)},
	Mrreviewer = {J. L. Kelley},
	Pages = {xiv+361},
	Publisher = {Academic Press},
	Series = {Pure and Applied Mathematics, Vol. X},
	Title = {Foundations of modern analysis},
	Year = {1960},
	Bdsk-Url-1 = {http://www.ams.org.proxy.library.nd.edu/mathscinet-getitem?mr=0120319}}

@book{Jost-1998-Postmodern-analysis,
	Address = {Berlin},
	Author = {Jost, J{{\"u}}rgen},
	Date-Added = {2010-03-20 15:06:15 -0400},
	Date-Modified = {2010-03-20 15:20:49 -0400},
	Isbn = {3-540-63485-1},
	Mrclass = {00A05 (26-01 35-01 49-01 58-01)},
	Mrnumber = {MR1490832 (99f:00002)},
	Mrreviewer = {P. Lindqvist},
	Note = {Translated from the German manuscript by Hassan Azad},
	Pages = {xviii+353},
	Publisher = {Springer-Verlag},
	Series = {Universitext},
	Title = {Postmodern analysis},
	Year = {1998},
	Bdsk-Url-1 = {http://www.ams.org.proxy.library.nd.edu/mathscinet-getitem?mr=1490832}}
