%% This BibTeX bibliography file was created using BibDesk.
%% http://bibdesk.sourceforge.net/


%% Created for David Karapetyan at 2010-04-13 23:36:33 -0400 


%% Saved with string encoding Unicode (UTF-8) 



@article{Byers-2006-Existence-time-for-the-Camassa-Holm,
	Author = {Byers, Peter},
	Coden = {IUMJAB},
	Date-Added = {2010-04-13 23:35:45 -0400},
	Date-Modified = {2010-04-13 23:35:59 -0400},
	Doi = {10.1512/iumj.2006.55.2710},
	Fjournal = {Indiana University Mathematics Journal},
	Issn = {0022-2518},
	Journal = {Indiana Univ. Math. J.},
	Mrclass = {35Q53 (35A07 35B30 35R25 37K10)},
	Mrnumber = {MR2244592 (2007k:35395)},
	Mrreviewer = {Piotr P. Goldstein},
	Number = {3},
	Pages = {941--954},
	Title = {Existence time for the {C}amassa-{H}olm equation and the critical {S}obolev index},
	Url = {http://dx.doi.org/10.1512/iumj.2006.55.2710},
	Volume = {55},
	Year = {2006},
	Bdsk-Url-1 = {http://www.ams.org.proxy.library.nd.edu/mathscinet-getitem?mr=2244592}}

@book{Him-notes,
	Author = {Himonas, Alex},
	Date-Added = {2010-04-07 15:16:49 -0400},
	Date-Modified = {2010-04-07 17:29:32 -0400},
	Title = {Lecture Notes in Partial Differential Equations},
	Year = {2010}}

@article{Hakkaev_Kirchev-Local-well-pose,
	Author = {Hakkaev, Sevdzhan and Kirchev, Kiril},
	Coden = {CPDIDZ},
	Date-Added = {2009-11-18 13:04:56 -0500},
	Date-Modified = {2009-11-18 13:04:56 -0500},
	Doi = {10.1081/PDE-200059284},
	Fjournal = {Communications in Partial Differential Equations},
	Issn = {0360-5302},
	Journal = {Comm. Partial Differential Equations},
	Mrclass = {35Q53 (35B35 35Q51 37K40)},
	Mrnumber = {MR2153514 (2006d:35223)},
	Mrreviewer = {Sen Zhong Huang},
	Number = {4-6},
	Pages = {761--781},
	Title = {Local well-posedness and orbital stability of solitary wave solutions for the generalized {C}amassa-{H}olm equation},
	Url = {http://dx.doi.org/10.1081/PDE-200059284},
	Volume = {30},
	Year = {2005},
	Bdsk-File-1 = {YnBsaXN0MDDUAQIDBAUIJidUJHRvcFgkb2JqZWN0c1gkdmVyc2lvblkkYXJjaGl2ZXLRBgdUcm9vdIABqAkKFRYXGyIjVSRudWxs0wsMDQ4RFFpOUy5vYmplY3RzV05TLmtleXNWJGNsYXNzog8QgASABqISE4ACgAOAB1lhbGlhc0RhdGFccmVsYXRpdmVQYXRo0hgNGRpXTlMuZGF0YU8RA/QAAAAAA/QAAgAADE1hY2ludG9zaCBIRAAAAAAAAAAAAAAAAAAAAMfOW6BIKwAAABBS7h9IYWtrYWV2X0tpcmNoZXYtTG9jYWwgd2UjMTA1MzFBAAAAAAAAAAAAAAAAAAAAAAAAAAAAAAAAAAAAAAAAAAAAEFMaxyizp2FsaXNNQUNTAAEAAgAACSAAAAAAAAAAAAAAAAAAAAAGUGFwZXJzABAACAAAx86T4AAAABEACAAAxyj59wAAAAEAFAAQUu4AEFLsAA/YDgAP0EUAD9AXAAIAWE1hY2ludG9zaCBIRDpVc2VyczpkYXZpZGthcmFwZXR5YW46RG9jdW1lbnRzOk1hdGg6UGFwZXJzOkhha2thZXZfS2lyY2hldi1Mb2NhbCB3ZSMxMDUzMUEADgGaAMwASABhAGsAawBhAGUAdgBfAEsAaQByAGMAaABlAHYALQBMAG8AYwBhAGwAIAB3AGUAbABsAC0AcABvAHMAZQBkAG4AZQBzAHMAIABhAG4AZAAgAG8AcgBiAGkAdABhAGwAIABzAHQAYQBiAGkAbABpAHQAeQAgAG8AZgAgAHMAbwBsAGkAdABhAHIAeQAgAHcAYQB2AGUAIABzAG8AbAB1AHQAaQBvAG4AcwAgAGYAbwByACAAdABoAGUAIABnAGUAbgBlAHIAYQBsAGkAegBlAGQAIABDAGEAbQBhAHMAcwBhAC0ASABvAGwAbQAgAGUAcQB1AGEAdABpAG8AbgAtAEMAbwBtAG0ALgAgAFAAYQByAHQAaQBhAGwAIABEAGkAZgBmAGUAcgBlAG4AdABpAGEAbAAgAEUAcQB1AGEAdABpAG8AbgBzAC0AMAA1AGEALgAgAFAAYQByAHQAaQBhAGwAIABEAGkAZgBmAGUAcgBlAG4AdABpAGEAbAAgAEUAcQB1AGEAdABpAG8AbgBzAF8AMAA1AGEADwAaAAwATQBhAGMAaQBuAHQAbwBzAGgAIABIAEQAEgD4VXNlcnMvZGF2aWRrYXJhcGV0eWFuL0RvY3VtZW50cy9NYXRoL1BhcGVycy9IYWtrYWV2X0tpcmNoZXYtTG9jYWwgd2VsbC1wb3NlZG5lc3MgYW5kIG9yYml0YWwgc3RhYmlsaXR5IG9mIHNvbGl0YXJ5IHdhdmUgc29sdXRpb25zIGZvciB0aGUgZ2VuZXJhbGl6ZWQgQ2FtYXNzYS1Ib2xtIGVxdWF0aW9uLUNvbW0uIFBhcnRpYWwgRGlmZmVyZW50aWFsIEVxdWF0aW9ucy0wNWEuIFBhcnRpYWwgRGlmZmVyZW50aWFsIEVxdWF0aW9uc18wNWEAEwABLwAAFQACABb//wAAgAXSHB0eH1gkY2xhc3Nlc1okY2xhc3NuYW1lox8gIV1OU011dGFibGVEYXRhVk5TRGF0YVhOU09iamVjdF8Q1i4uL1BhcGVycy9IYWtrYWV2X0tpcmNoZXYtTG9jYWwgd2VsbC1wb3NlZG5lc3MgYW5kIG9yYml0YWwgc3RhYmlsaXR5IG9mIHNvbGl0YXJ5IHdhdmUgc29sdXRpb25zIGZvciB0aGUgZ2VuZXJhbGl6ZWQgQ2FtYXNzYS1Ib2xtIGVxdWF0aW9uLUNvbW0uIFBhcnRpYWwgRGlmZmVyZW50aWFsIEVxdWF0aW9ucy0wNWEuIFBhcnRpYWwgRGlmZmVyZW50aWFsIEVxdWF0aW9uc18wNWHSHB0kJaIlIVxOU0RpY3Rpb25hcnkSAAGGoF8QD05TS2V5ZWRBcmNoaXZlcgAIABEAFgAfACgAMgA1ADoAPABFAEsAUgBdAGUAbABvAHEAcwB2AHgAegB8AIYAkwCYAKAEmASaBJ8EqASzBLcExQTMBNUFrgWzBbYFwwXIAAAAAAAAAgEAAAAAAAAAKAAAAAAAAAAAAAAAAAAABdo=},
	Bdsk-Url-1 = {http://www.ams.org.proxy.library.nd.edu/mathscinet-getitem?mr=2153514}}

@article{Tian_Song-New-peaked-soli,
	Author = {Tian, Lixin and Song, Xiuying},
	Coden = {CSFOEH},
	Date-Added = {2009-11-18 13:04:56 -0500},
	Date-Modified = {2009-11-18 13:04:56 -0500},
	Doi = {10.1016/S0960-0779(03)00192-9},
	Fjournal = {Chaos, Solitons and Fractals},
	Issn = {0960-0779},
	Journal = {Chaos Solitons Fractals},
	Mrclass = {35Q51 (35Q53)},
	Mrnumber = {MR2012996 (2004k:35313)},
	Number = {3},
	Pages = {621--637},
	Title = {New peaked solitary wave solutions of the generalized {C}amassa-{H}olm equation},
	Url = {http://dx.doi.org/10.1016/S0960-0779(03)00192-9},
	Volume = {19},
	Year = {2004},
	Bdsk-File-1 = {YnBsaXN0MDDUAQIDBAUIJidUJHRvcFgkb2JqZWN0c1gkdmVyc2lvblkkYXJjaGl2ZXLRBgdUcm9vdIABqAkKFRYXGyIjVSRudWxs0wsMDQ4RFFpOUy5vYmplY3RzV05TLmtleXNWJGNsYXNzog8QgASABqISE4ACgAOAB1lhbGlhc0RhdGFccmVsYXRpdmVQYXRo0hgNGRpXTlMuZGF0YU8RAvAAAAAAAvAAAgAADE1hY2ludG9zaCBIRAAAAAAAAAAAAAAAAAAAAMfOW6BIKwAAABBS7h9UaWFuX1NvbmctTmV3IHBlYWtlZCMxMDUzMzcucGRmAAAAAAAAAAAAAAAAAAAAAAAAAAAAAAAAAAAAAAAAAAAAEFM3xyi31AAAAAAAAAAAAAEAAgAACSAAAAAAAAAAAAAAAAAAAAAGUGFwZXJzABAACAAAx86T4AAAABEACAAAxyj+JAAAAAEAFAAQUu4AEFLsAA/YDgAP0EUAD9AXAAIAWE1hY2ludG9zaCBIRDpVc2VyczpkYXZpZGthcmFwZXR5YW46RG9jdW1lbnRzOk1hdGg6UGFwZXJzOlRpYW5fU29uZy1OZXcgcGVha2VkIzEwNTMzNy5wZGYADgDsAHUAVABpAGEAbgBfAFMAbwBuAGcALQBOAGUAdwAgAHAAZQBhAGsAZQBkACAAcwBvAGwAaQB0AGEAcgB5ACAAdwBhAHYAZQAgAHMAbwBsAHUAdABpAG8AbgBzACAAbwBmACAAdABoAGUAIABnAGUAbgBlAHIAYQBsAGkAegBlAGQAIABDAGEAbQBhAHMAcwBhAC0ASABvAGwAbQAgAGUAcQB1AGEAdABpAG8AbgAtAEMAaABhAG8AcwAgAFMAbwBsAGkAdABvAG4AcwAgAEYAcgBhAGMAdABhAGwAcwAtADAANABhAC4AcABkAGYADwAaAAwATQBhAGMAaQBuAHQAbwBzAGgAIABIAEQAEgChVXNlcnMvZGF2aWRrYXJhcGV0eWFuL0RvY3VtZW50cy9NYXRoL1BhcGVycy9UaWFuX1NvbmctTmV3IHBlYWtlZCBzb2xpdGFyeSB3YXZlIHNvbHV0aW9ucyBvZiB0aGUgZ2VuZXJhbGl6ZWQgQ2FtYXNzYS1Ib2xtIGVxdWF0aW9uLUNoYW9zIFNvbGl0b25zIEZyYWN0YWxzLTA0YS5wZGYAABMAAS8AABUAAgAW//8AAIAF0hwdHh9YJGNsYXNzZXNaJGNsYXNzbmFtZaMfICFdTlNNdXRhYmxlRGF0YVZOU0RhdGFYTlNPYmplY3RfEH8uLi9QYXBlcnMvVGlhbl9Tb25nLU5ldyBwZWFrZWQgc29saXRhcnkgd2F2ZSBzb2x1dGlvbnMgb2YgdGhlIGdlbmVyYWxpemVkIENhbWFzc2EtSG9sbSBlcXVhdGlvbi1DaGFvcyBTb2xpdG9ucyBGcmFjdGFscy0wNGEucGRm0hwdJCWiJSFcTlNEaWN0aW9uYXJ5EgABhqBfEA9OU0tleWVkQXJjaGl2ZXIACAARABYAHwAoADIANQA6ADwARQBLAFIAXQBlAGwAbwBxAHMAdgB4AHoAfACGAJMAmACgA5QDlgObA6QDrwOzA8EDyAPRBFMEWARbBGgEbQAAAAAAAAIBAAAAAAAAACgAAAAAAAAAAAAAAAAAAAR/},
	Bdsk-Url-1 = {http://www.ams.org.proxy.library.nd.edu/mathscinet-getitem?mr=2012996}}

@article{Himonas_2009_Non-uniform-dep-euler,
	Author = {Himonas, Alex and Misio{\l}ek, Gerard},
	Date-Added = {2009-11-12 13:43:29 -0500},
	Date-Modified = {2009-11-12 14:00:43 -0500},
	Journal = {Communications in Mathematical Physics},
	Title = {Non-uniform dependence on initial data of solutions to the Euler equations of hydrodynamics},
	Year = {2009, to appear}}

@article{Koch_2005_Nonlinear-wave-,
	Author = {Koch, H. and Tzvetkov, N.},
	Date-Added = {2009-11-12 13:42:37 -0500},
	Date-Modified = {2009-11-12 13:42:53 -0500},
	Fjournal = {International Mathematics Research Notices},
	Issn = {1073-7928},
	Journal = {Int. Math. Res. Not.},
	Mrclass = {35Q53 (35K15 35K55 76B55)},
	Mrnumber = {MR2172940 (2006f:35245)},
	Mrreviewer = {E. I. Galakhov},
	Number = {30},
	Pages = {1833--1847},
	Title = {Nonlinear wave interactions for the {B}enjamin-{O}no equation},
	Year = {2005},
	Bdsk-Url-1 = {http://ams.org/mathscinet-getitem?mr=2172940}}

@article{Kenig_2001_On-the-ill-pose,
	Author = {Kenig, Carlos E. and Ponce, Gustavo and Vega, Luis},
	Coden = {DUMJAO},
	Date-Added = {2009-11-12 13:42:15 -0500},
	Date-Modified = {2009-11-12 13:42:53 -0500},
	Doi = {10.1215/S0012-7094-01-10638-8},
	Fjournal = {Duke Mathematical Journal},
	Issn = {0012-7094},
	Journal = {Duke Math. J.},
	Mrclass = {35R25 (35B30 35B65 35Q51 35Q53)},
	Mrnumber = {MR1813239 (2002c:35265)},
	Mrreviewer = {Kenji Nakanishi},
	Number = {3},
	Pages = {617--633},
	Title = {On the ill-posedness of some canonical dispersive equations},
	Url = {http://dx.doi.org/10.1215/S0012-7094-01-10638-8},
	Volume = {106},
	Year = {2001},
	Bdsk-Url-1 = {http://ams.org/mathscinet-getitem?mr=1813239}}

@article{Himonas_2005_High-frequency-,
	Author = {Himonas, Alex and Misio{\l}ek, Gerard},
	Date-Added = {2009-11-12 13:39:14 -0500},
	Date-Modified = {2009-11-12 13:59:20 -0500},
	Fjournal = {International Mathematics Research Notices},
	Issn = {1073-7928},
	Journal = {Int. Math. Res. Not.},
	Mrclass = {35Q53 (35B30)},
	Mrnumber = {MR2187502 (2006i:35315)},
	Mrreviewer = {Takayoshi Ogawa},
	Number = {51},
	Pages = {3135--3151},
	Title = {High-frequency smooth solutions and well-posedness of the {C}amassa-{H}olm equation},
	Year = {2005},
	Bdsk-Url-1 = {http://ams.org/mathscinet-getitem?mr=2187502}}

@article{Himonas_2001_The-Cauchy-prob,
	Author = {Himonas, Alex and Misio{\l}ek, Gerard},
	Date-Added = {2009-11-12 13:38:50 -0500},
	Date-Modified = {2009-11-12 13:58:48 -0500},
	Fjournal = {Differential and Integral Equations. An International Journal for Theory \& Applications},
	Issn = {0893-4983},
	Journal = {Differential Integral Equations},
	Mrclass = {35Q53 (35B35 35R25 76B15)},
	Mrnumber = {MR1828326 (2002c:35228)},
	Mrreviewer = {Alan Shapiro},
	Number = {7},
	Pages = {821--831},
	Title = {The {C}auchy problem for an integrable shallow-water equation},
	Volume = {14},
	Year = {2001},
	Bdsk-Url-1 = {http://ams.org/mathscinet-getitem?mr=1828326}}

@article{Christ_2003_Asymptotics-fre,
	Author = {Christ, Michael and Colliander, James and Tao, Terrence},
	Coden = {AJMAAN},
	Date-Added = {2009-11-12 13:38:01 -0500},
	Date-Modified = {2009-11-12 13:42:53 -0500},
	Fjournal = {American Journal of Mathematics},
	Issn = {0002-9327},
	Journal = {Amer. J. Math.},
	Mrclass = {35Q53 (35Q55 35R25 37K10 37K15)},
	Mrnumber = {MR2018661 (2005d:35223)},
	Mrreviewer = {John Albert},
	Number = {6},
	Pages = {1235--1293},
	Title = {Asymptotics, frequency modulation, and low regularity ill-posedness for canonical defocusing equations},
	Url = {http://muse.jhu.edu/journals/american_journal_of_mathematics/v125/125.6christ.pdf},
	Volume = {125},
	Year = {2003},
	Bdsk-Url-1 = {http://ams.org/mathscinet-getitem?mr=2018661}}

@article{Benjamin_1972_The-stability-o,
	Author = {Benjamin, T. B.},
	Date-Added = {2009-11-09 19:32:21 -0500},
	Date-Modified = {2009-11-09 19:33:27 -0500},
	Fjournal = {Proceedings of the Royal Society. London. Series A. Mathematical, Physical and Engineering Sciences},
	Issn = {0962-8444},
	Journal = {Proc. Roy. Soc. (London) Ser. A},
	Mrclass = {35Q99 (76.35)},
	Mrnumber = {MR0338584 (49 \#3348)},
	Mrreviewer = {G. L. Lamb, Jr.},
	Pages = {153--183},
	Title = {The stability of solitary waves},
	Volume = {328},
	Year = {1972},
	Bdsk-Url-1 = {http://www.ams.org.proxy.library.nd.edu/mathscinet-getitem?mr=0338584}}

@article{Bona_2009_Sharp-well-pose,
	Author = {Bona, Jerry L. and Tzvetkov, Nikolay},
	Date-Added = {2009-11-08 20:08:40 -0500},
	Date-Modified = {2009-11-08 20:09:24 -0500},
	Doi = {10.3934/dcds.2009.23.1241},
	Fjournal = {Discrete and Continuous Dynamical Systems. Series A},
	Issn = {1078-0947},
	Journal = {Discrete Contin. Dyn. Syst.},
	Mrclass = {35Q53 (35B30 76B15)},
	Mrnumber = {MR2461849},
	Number = {4},
	Pages = {1241--1252},
	Title = {Sharp well-posedness results for the {BBM} equation},
	Url = {http://dx.doi.org/10.3934/dcds.2009.23.1241},
	Volume = {23},
	Year = {2009},
	Bdsk-File-1 = {YnBsaXN0MDDUAQIDBAUIJidUJHRvcFgkb2JqZWN0c1gkdmVyc2lvblkkYXJjaGl2ZXLRBgdUcm9vdIABqAkKFRYXGyIjVSRudWxs0wsMDQ4RFFpOUy5vYmplY3RzV05TLmtleXNWJGNsYXNzog8QgASABqISE4ACgAOAB1lhbGlhc0RhdGFccmVsYXRpdmVQYXRo0hgNGRpXTlMuZGF0YU8RAp4AAAAAAp4AAgAADE1hY2ludG9zaCBIRAAAAAAAAAAAAAAAAAAAAMfOW6BIKwAAABBS7h9Cb25hX1NoYXJwIHdlbGwtcG9zZSMxMDUyRjcucGRmAAAAAAAAAAAAAAAAAAAAAAAAAAAAAAAAAAAAAAAAAAAAEFL3xxzW2AAAAAAAAAAAAAEAAgAACSAAAAAAAAAAAAAAAAAAAAAGUGFwZXJzABAACAAAx86T4AAAABEACAAAxx0dKAAAAAEAFAAQUu4AEFLsAA/YDgAP0EUAD9AXAAIAWE1hY2ludG9zaCBIRDpVc2VyczpkYXZpZGthcmFwZXR5YW46RG9jdW1lbnRzOk1hdGg6UGFwZXJzOkJvbmFfU2hhcnAgd2VsbC1wb3NlIzEwNTJGNy5wZGYADgC2AFoAQgBvAG4AYQBfAFMAaABhAHIAcAAgAHcAZQBsAGwALQBwAG8AcwBlAGQAbgBlAHMAcwAgAHIAZQBzAHUAbAB0AHMAIABmAG8AcgAgAHQAaABlACAAQgBCAE0AIABlAHEAdQBhAHQAaQBvAG4AXwBEAGkAcwBjAHIAZQB0AGUAIABDAG8AbgB0AGkAbgAuACAARAB5AG4ALgAgAFMAeQBzAHQALgBfADAAOQBiAC4AcABkAGYADwAaAAwATQBhAGMAaQBuAHQAbwBzAGgAIABIAEQAEgCGVXNlcnMvZGF2aWRrYXJhcGV0eWFuL0RvY3VtZW50cy9NYXRoL1BhcGVycy9Cb25hX1NoYXJwIHdlbGwtcG9zZWRuZXNzIHJlc3VsdHMgZm9yIHRoZSBCQk0gZXF1YXRpb25fRGlzY3JldGUgQ29udGluLiBEeW4uIFN5c3QuXzA5Yi5wZGYAEwABLwAAFQACABb//wAAgAXSHB0eH1gkY2xhc3Nlc1okY2xhc3NuYW1lox8gIV1OU011dGFibGVEYXRhVk5TRGF0YVhOU09iamVjdF8QZC4uL1BhcGVycy9Cb25hX1NoYXJwIHdlbGwtcG9zZWRuZXNzIHJlc3VsdHMgZm9yIHRoZSBCQk0gZXF1YXRpb25fRGlzY3JldGUgQ29udGluLiBEeW4uIFN5c3QuXzA5Yi5wZGbSHB0kJaIlIVxOU0RpY3Rpb25hcnkSAAGGoF8QD05TS2V5ZWRBcmNoaXZlcgAIABEAFgAfACgAMgA1ADoAPABFAEsAUgBdAGUAbABvAHEAcwB2AHgAegB8AIYAkwCYAKADQgNEA0kDUgNdA2EDbwN2A38D5gPrA+4D+wQAAAAAAAAAAgEAAAAAAAAAKAAAAAAAAAAAAAAAAAAABBI=},
	Bdsk-Url-1 = {http://www.ams.org.proxy.library.nd.edu/mathscinet-getitem?mr=2461849}}

@article{Liu_2008_Blow-up-phenome,
	Author = {Liu, Yong-Ming and Zhou, Yong},
	Date-Added = {2009-10-27 17:37:06 -0400},
	Date-Modified = {2009-10-27 17:38:00 -0400},
	Fjournal = {Journal of Physics. A. Mathematical and Theoretical},
	Issn = {1751-8113},
	Journal = {J. Phys. A},
	Mrclass = {35Q72 (35B40 74K10)},
	Mrnumber = {MR2456350 (2009i:35316)},
	Number = {34},
	Pages = {344013, 10},
	Title = {Blow-up phenomenon for a periodic rod equation},
	Volume = {41},
	Year = {2008},
	Bdsk-File-1 = {YnBsaXN0MDDUAQIDBAUIJidUJHRvcFgkb2JqZWN0c1gkdmVyc2lvblkkYXJjaGl2ZXLRBgdUcm9vdIABqAkKFRYXGyIjVSRudWxs0wsMDQ4RFFpOUy5vYmplY3RzV05TLmtleXNWJGNsYXNzog8QgASABqISE4ACgAOAB1lhbGlhc0RhdGFccmVsYXRpdmVQYXRo0hgNGRpXTlMuZGF0YU8RAmAAAAAAAmAAAgAADE1hY2ludG9zaCBIRAAAAAAAAAAAAAAAAAAAAMfOW6BIKwAAABBS7h9MaXVfQmxvdy11cCBwaGVub21lbiMxMDUzMkIucGRmAAAAAAAAAAAAAAAAAAAAAAAAAAAAAAAAAAAAAAAAAAAAEFMrxwzgbAAAAAAAAAAAAAEAAgAACSAAAAAAAAAAAAAAAAAAAAAGUGFwZXJzABAACAAAx86T4AAAABEACAAAxw0YrAAAAAEAFAAQUu4AEFLsAA/YDgAP0EUAD9AXAAIAWE1hY2ludG9zaCBIRDpVc2VyczpkYXZpZGthcmFwZXR5YW46RG9jdW1lbnRzOk1hdGg6UGFwZXJzOkxpdV9CbG93LXVwIHBoZW5vbWVuIzEwNTMyQi5wZGYADgCMAEUATABpAHUAXwBCAGwAbwB3AC0AdQBwACAAcABoAGUAbgBvAG0AZQBuAG8AbgAgAGYAbwByACAAYQAgAHAAZQByAGkAbwBkAGkAYwAgAHIAbwBkACAAZQBxAHUAYQB0AGkAbwBuAF8ASgAuACAAUABoAHkAcwAuACAAQQBfADAAOABhAC4AcABkAGYADwAaAAwATQBhAGMAaQBuAHQAbwBzAGgAIABIAEQAEgBxVXNlcnMvZGF2aWRrYXJhcGV0eWFuL0RvY3VtZW50cy9NYXRoL1BhcGVycy9MaXVfQmxvdy11cCBwaGVub21lbm9uIGZvciBhIHBlcmlvZGljIHJvZCBlcXVhdGlvbl9KLiBQaHlzLiBBXzA4YS5wZGYAABMAAS8AABUAAgAW//8AAIAF0hwdHh9YJGNsYXNzZXNaJGNsYXNzbmFtZaMfICFdTlNNdXRhYmxlRGF0YVZOU0RhdGFYTlNPYmplY3RfEE8uLi9QYXBlcnMvTGl1X0Jsb3ctdXAgcGhlbm9tZW5vbiBmb3IgYSBwZXJpb2RpYyByb2QgZXF1YXRpb25fSi4gUGh5cy4gQV8wOGEucGRm0hwdJCWiJSFcTlNEaWN0aW9uYXJ5EgABhqBfEA9OU0tleWVkQXJjaGl2ZXIACAARABYAHwAoADIANQA6ADwARQBLAFIAXQBlAGwAbwBxAHMAdgB4AHoAfACGAJMAmACgAwQDBgMLAxQDHwMjAzEDOANBA5MDmAObA6gDrQAAAAAAAAIBAAAAAAAAACgAAAAAAAAAAAAAAAAAAAO/},
	Bdsk-Url-1 = {http://www.ams.org.proxy.library.nd.edu/mathscinet-getitem?mr=2456350}}

@article{Xin_2002_On-the-uniquene,
	Author = {Xin, Zhouping and Zhang, Ping},
	Coden = {CPDIDZ},
	Date-Added = {2009-10-27 16:43:23 -0400},
	Date-Modified = {2009-10-27 16:44:36 -0400},
	Fjournal = {Communications in Partial Differential Equations},
	Issn = {0360-5302},
	Journal = {Comm. Partial Differential Equations},
	Mrclass = {35Q53 (35B40 76B03 76B15)},
	Mrnumber = {MR1941659 (2004h:35204)},
	Number = {9-10},
	Pages = {1815--1844},
	Title = {On the uniqueness and large time behavior of the weak solutions to a shallow water equation},
	Volume = {27},
	Year = {2002},
	Bdsk-File-1 = {YnBsaXN0MDDUAQIDBAUIJidUJHRvcFgkb2JqZWN0c1gkdmVyc2lvblkkYXJjaGl2ZXLRBgdUcm9vdIABqAkKFRYXGyIjVSRudWxs0wsMDQ4RFFpOUy5vYmplY3RzV05TLmtleXNWJGNsYXNzog8QgASABqISE4ACgAOAB1lhbGlhc0RhdGFccmVsYXRpdmVQYXRo0hgNGRpXTlMuZGF0YU8RAzQAAAAAAzQAAgAADE1hY2ludG9zaCBIRAAAAAAAAAAAAAAAAAAAAMfOW6BIKwAAABBS7h9YaW5fT24gdGhlIHVuaXF1ZW5lcyMxMDUzMzkucGRmAAAAAAAAAAAAAAAAAAAAAAAAAAAAAAAAAAAAAAAAAAAAEFM5xwzVRgAAAAAAAAAAAAEAAgAACSAAAAAAAAAAAAAAAAAAAAAGUGFwZXJzABAACAAAx86T4AAAABEACAAAxw0NhgAAAAEAFAAQUu4AEFLsAA/YDgAP0EUAD9AXAAIAWE1hY2ludG9zaCBIRDpVc2VyczpkYXZpZGthcmFwZXR5YW46RG9jdW1lbnRzOk1hdGg6UGFwZXJzOlhpbl9PbiB0aGUgdW5pcXVlbmVzIzEwNTMzOS5wZGYADgEaAIwAWABpAG4AXwBPAG4AIAB0AGgAZQAgAHUAbgBpAHEAdQBlAG4AZQBzAHMAIABhAG4AZAAgAGwAYQByAGcAZQAgAHQAaQBtAGUAIABiAGUAaABhAHYAaQBvAHIAIABvAGYAIAB0AGgAZQAgAHcAZQBhAGsAIABzAG8AbAB1AHQAaQBvAG4AcwAgAHQAbwAgAGEAIABzAGgAYQBsAGwAbwB3ACAAdwBhAHQAZQByACAAZQBxAHUAYQB0AGkAbwBuAF8AQwBvAG0AbQAuACAAUABhAHIAdABpAGEAbAAgAEQAaQBmAGYAZQByAGUAbgB0AGkAYQBsACAARQBxAHUAYQB0AGkAbwBuAHMAXwAwADIAYQAuAHAAZABmAA8AGgAMAE0AYQBjAGkAbgB0AG8AcwBoACAASABEABIAuFVzZXJzL2Rhdmlka2FyYXBldHlhbi9Eb2N1bWVudHMvTWF0aC9QYXBlcnMvWGluX09uIHRoZSB1bmlxdWVuZXNzIGFuZCBsYXJnZSB0aW1lIGJlaGF2aW9yIG9mIHRoZSB3ZWFrIHNvbHV0aW9ucyB0byBhIHNoYWxsb3cgd2F0ZXIgZXF1YXRpb25fQ29tbS4gUGFydGlhbCBEaWZmZXJlbnRpYWwgRXF1YXRpb25zXzAyYS5wZGYAEwABLwAAFQACABb//wAAgAXSHB0eH1gkY2xhc3Nlc1okY2xhc3NuYW1lox8gIV1OU011dGFibGVEYXRhVk5TRGF0YVhOU09iamVjdF8Qli4uL1BhcGVycy9YaW5fT24gdGhlIHVuaXF1ZW5lc3MgYW5kIGxhcmdlIHRpbWUgYmVoYXZpb3Igb2YgdGhlIHdlYWsgc29sdXRpb25zIHRvIGEgc2hhbGxvdyB3YXRlciBlcXVhdGlvbl9Db21tLiBQYXJ0aWFsIERpZmZlcmVudGlhbCBFcXVhdGlvbnNfMDJhLnBkZtIcHSQloiUhXE5TRGljdGlvbmFyeRIAAYagXxAPTlNLZXllZEFyY2hpdmVyAAgAEQAWAB8AKAAyADUAOgA8AEUASwBSAF0AZQBsAG8AcQBzAHYAeAB6AHwAhgCTAJgAoAPYA9oD3wPoA/MD9wQFBAwEFQSuBLMEtgTDBMgAAAAAAAACAQAAAAAAAAAoAAAAAAAAAAAAAAAAAAAE2g==},
	Bdsk-Url-1 = {http://www.ams.org.proxy.library.nd.edu/mathscinet-getitem?mr=1941659}}

@article{Coclite_2005_Global-weak-sol,
	Author = {Coclite, G. M. and Holden, H. and Karlsen, K. H.},
	Date-Added = {2009-10-27 16:02:55 -0400},
	Date-Modified = {2009-10-27 16:03:04 -0400},
	Fjournal = {SIAM Journal on Mathematical Analysis},
	Issn = {0036-1410},
	Journal = {SIAM J. Math. Anal.},
	Mrclass = {35Q72 (35D05 35G25 74D10 74H20 74H25 74K10)},
	Mrnumber = {MR2192287 (2007h:35330)},
	Mrreviewer = {Frank Jochmann},
	Number = {4},
	Pages = {1044--1069 (electronic)},
	Title = {Global weak solutions to a generalized hyperelastic-rod wave equation},
	Volume = {37},
	Year = {2005},
	Bdsk-File-1 = {YnBsaXN0MDDUAQIDBAUIJidUJHRvcFgkb2JqZWN0c1gkdmVyc2lvblkkYXJjaGl2ZXLRBgdUcm9vdIABqAkKFRYXGyIjVSRudWxs0wsMDQ4RFFpOUy5vYmplY3RzV05TLmtleXNWJGNsYXNzog8QgASABqISE4ACgAOAB1lhbGlhc0RhdGFccmVsYXRpdmVQYXRo0hgNGRpXTlMuZGF0YU8RAswAAAAAAswAAgAADE1hY2ludG9zaCBIRAAAAAAAAAAAAAAAAAAAAMfOW6BIKwAAABBS7h9Db2NsaXRlX0dsb2JhbCB3ZWFrICMxMDUzMDAucGRmAAAAAAAAAAAAAAAAAAAAAAAAAAAAAAAAAAAAAAAAAAAAEFMAxwzKGgAAAAAAAAAAAAEAAgAACSAAAAAAAAAAAAAAAAAAAAAGUGFwZXJzABAACAAAx86T4AAAABEACAAAxw0CWgAAAAEAFAAQUu4AEFLsAA/YDgAP0EUAD9AXAAIAWE1hY2ludG9zaCBIRDpVc2VyczpkYXZpZGthcmFwZXR5YW46RG9jdW1lbnRzOk1hdGg6UGFwZXJzOkNvY2xpdGVfR2xvYmFsIHdlYWsgIzEwNTMwMC5wZGYADgDUAGkAQwBvAGMAbABpAHQAZQBfAEcAbABvAGIAYQBsACAAdwBlAGEAawAgAHMAbwBsAHUAdABpAG8AbgBzACAAdABvACAAYQAgAGcAZQBuAGUAcgBhAGwAaQB6AGUAZAAgAGgAeQBwAGUAcgBlAGwAYQBzAHQAaQBjAC0AcgBvAGQAIAB3AGEAdgBlACAAZQBxAHUAYQB0AGkAbwBuAF8AUwBJAEEATQAgAEoALgAgAE0AYQB0AGgALgAgAEEAbgBhAGwALgBfADAANQBiAC4AcABkAGYADwAaAAwATQBhAGMAaQBuAHQAbwBzAGgAIABIAEQAEgCVVXNlcnMvZGF2aWRrYXJhcGV0eWFuL0RvY3VtZW50cy9NYXRoL1BhcGVycy9Db2NsaXRlX0dsb2JhbCB3ZWFrIHNvbHV0aW9ucyB0byBhIGdlbmVyYWxpemVkIGh5cGVyZWxhc3RpYy1yb2Qgd2F2ZSBlcXVhdGlvbl9TSUFNIEouIE1hdGguIEFuYWwuXzA1Yi5wZGYAABMAAS8AABUAAgAW//8AAIAF0hwdHh9YJGNsYXNzZXNaJGNsYXNzbmFtZaMfICFdTlNNdXRhYmxlRGF0YVZOU0RhdGFYTlNPYmplY3RfEHMuLi9QYXBlcnMvQ29jbGl0ZV9HbG9iYWwgd2VhayBzb2x1dGlvbnMgdG8gYSBnZW5lcmFsaXplZCBoeXBlcmVsYXN0aWMtcm9kIHdhdmUgZXF1YXRpb25fU0lBTSBKLiBNYXRoLiBBbmFsLl8wNWIucGRm0hwdJCWiJSFcTlNEaWN0aW9uYXJ5EgABhqBfEA9OU0tleWVkQXJjaGl2ZXIACAARABYAHwAoADIANQA6ADwARQBLAFIAXQBlAGwAbwBxAHMAdgB4AHoAfACGAJMAmACgA3ADcgN3A4ADiwOPA50DpAOtBCMEKAQrBDgEPQAAAAAAAAIBAAAAAAAAACgAAAAAAAAAAAAAAAAAAARP},
	Bdsk-Url-1 = {http://www.ams.org.proxy.library.nd.edu/mathscinet-getitem?mr=2192287}}

@article{Bendahmane_2006_Hsp-1-perturbat,
	Author = {Bendahmane, Mostafa and Coclite, Giuseppe Maria and Karlsen, Kenneth H.},
	Date-Added = {2009-10-27 15:59:29 -0400},
	Date-Modified = {2009-10-27 15:59:38 -0400},
	Fjournal = {Mediterranean Journal of Mathematics},
	Issn = {1660-5446},
	Journal = {Mediterr. J. Math.},
	Mrclass = {35Q53 (35B25 35Q51)},
	Mrnumber = {MR2274735 (2008e:35162)},
	Mrreviewer = {Mariana H{\u{a}}r{\u{a}}gu{\c{s}}},
	Number = {3-4},
	Pages = {419--432},
	Title = {{$H\sp 1$}-perturbations of smooth solutions for a weakly dissipative hyperelastic-rod wave equation},
	Volume = {3},
	Year = {2006},
	Bdsk-File-1 = {YnBsaXN0MDDUAQIDBAUIJidUJHRvcFgkb2JqZWN0c1gkdmVyc2lvblkkYXJjaGl2ZXLRBgdUcm9vdIABqAkKFRYXGyIjVSRudWxs0wsMDQ4RFFpOUy5vYmplY3RzV05TLmtleXNWJGNsYXNzog8QgASABqISE4ACgAOAB1lhbGlhc0RhdGFccmVsYXRpdmVQYXRo0hgNGRpXTlMuZGF0YU8RAygAAAAAAygAAgAADE1hY2ludG9zaCBIRAAAAAAAAAAAAAAAAAAAAMfOW6BIKwAAABBS7h9CZW5kYWhtYW5lXyRIXHNwIDEkLSMxMDUyRjAucGRmAAAAAAAAAAAAAAAAAAAAAAAAAAAAAAAAAAAAAAAAAAAAEFLwxwzIIAAAAAAAAAAAAAEAAgAACSAAAAAAAAAAAAAAAAAAAAAGUGFwZXJzABAACAAAx86T4AAAABEACAAAxw0AYAAAAAEAFAAQUu4AEFLsAA/YDgAP0EUAD9AXAAIAWE1hY2ludG9zaCBIRDpVc2VyczpkYXZpZGthcmFwZXR5YW46RG9jdW1lbnRzOk1hdGg6UGFwZXJzOkJlbmRhaG1hbmVfJEhcc3AgMSQtIzEwNTJGMC5wZGYADgESAIgAQgBlAG4AZABhAGgAbQBhAG4AZQBfACQASABcAHMAcAAgADEAJAAtAHAAZQByAHQAdQByAGIAYQB0AGkAbwBuAHMAIABvAGYAIABzAG0AbwBvAHQAaAAgAHMAbwBsAHUAdABpAG8AbgBzACAAZgBvAHIAIABhACAAdwBlAGEAawBsAHkAIABkAGkAcwBzAGkAcABhAHQAaQB2AGUAIABoAHkAcABlAHIAZQBsAGEAcwB0AGkAYwAtAHIAbwBkACAAdwBhAHYAZQAgAGUAcQB1AGEAdABpAG8AbgBfAE0AZQBkAGkAdABlAHIAcgAuACAASgAuACAATQBhAHQAaAAuAF8AMAA2AGEALgBwAGQAZgAPABoADABNAGEAYwBpAG4AdABvAHMAaAAgAEgARAASALRVc2Vycy9kYXZpZGthcmFwZXR5YW4vRG9jdW1lbnRzL01hdGgvUGFwZXJzL0JlbmRhaG1hbmVfJEhcc3AgMSQtcGVydHVyYmF0aW9ucyBvZiBzbW9vdGggc29sdXRpb25zIGZvciBhIHdlYWtseSBkaXNzaXBhdGl2ZSBoeXBlcmVsYXN0aWMtcm9kIHdhdmUgZXF1YXRpb25fTWVkaXRlcnIuIEouIE1hdGguXzA2YS5wZGYAEwABLwAAFQACABb//wAAgAXSHB0eH1gkY2xhc3Nlc1okY2xhc3NuYW1lox8gIV1OU011dGFibGVEYXRhVk5TRGF0YVhOU09iamVjdF8Qki4uL1BhcGVycy9CZW5kYWhtYW5lXyRIXHNwIDEkLXBlcnR1cmJhdGlvbnMgb2Ygc21vb3RoIHNvbHV0aW9ucyBmb3IgYSB3ZWFrbHkgZGlzc2lwYXRpdmUgaHlwZXJlbGFzdGljLXJvZCB3YXZlIGVxdWF0aW9uX01lZGl0ZXJyLiBKLiBNYXRoLl8wNmEucGRm0hwdJCWiJSFcTlNEaWN0aW9uYXJ5EgABhqBfEA9OU0tleWVkQXJjaGl2ZXIACAARABYAHwAoADIANQA6ADwARQBLAFIAXQBlAGwAbwBxAHMAdgB4AHoAfACGAJMAmACgA8wDzgPTA9wD5wPrA/kEAAQJBJ4EowSmBLMEuAAAAAAAAAIBAAAAAAAAACgAAAAAAAAAAAAAAAAAAATK},
	Bdsk-Url-1 = {http://www.ams.org.proxy.library.nd.edu/mathscinet-getitem?mr=2274735}}

@article{Bressan_2007_Global-conserva,
	Author = {Bressan, Alberto and Constantin, Adrian},
	Date-Added = {2009-10-19 17:38:06 -0400},
	Date-Modified = {2009-10-19 17:39:07 -0400},
	Fjournal = {Archive for Rational Mechanics and Analysis},
	Issn = {0003-9527},
	Journal = {Arch. Ration. Mech. Anal.},
	Mrclass = {35Q53 (35L45)},
	Mrnumber = {MR2278406 (2007j:35183)},
	Mrreviewer = {Enzo Vitillaro},
	Number = {2},
	Pages = {215--239},
	Title = {Global conservative solutions of the {C}amassa-{H}olm equation},
	Volume = {183},
	Year = {2007},
	Bdsk-File-1 = {YnBsaXN0MDDUAQIDBAUIJidUJHRvcFgkb2JqZWN0c1gkdmVyc2lvblkkYXJjaGl2ZXLRBgdUcm9vdIABqAkKFRYXGyIjVSRudWxs0wsMDQ4RFFpOUy5vYmplY3RzV05TLmtleXNWJGNsYXNzog8QgASABqISE4ACgAOAB1lhbGlhc0RhdGFccmVsYXRpdmVQYXRo0hgNGRpXTlMuZGF0YU8RArwAAAAAArwAAgAADE1hY2ludG9zaCBIRAAAAAAAAAAAAAAAAAAAAMfOW6BIKwAAABBS7h9CcmVzc2FuX0dsb2JhbCBjb25zZSMxMDUyRkEucGRmAAAAAAAAAAAAAAAAAAAAAAAAAAAAAAAAAAAAAAAAAAAAEFL6xwJUmAAAAAAAAAAAAAEAAgAACSAAAAAAAAAAAAAAAAAAAAAGUGFwZXJzABAACAAAx86T4AAAABEACAAAxwKM2AAAAAEAFAAQUu4AEFLsAA/YDgAP0EUAD9AXAAIAWE1hY2ludG9zaCBIRDpVc2VyczpkYXZpZGthcmFwZXR5YW46RG9jdW1lbnRzOk1hdGg6UGFwZXJzOkJyZXNzYW5fR2xvYmFsIGNvbnNlIzEwNTJGQS5wZGYADgDKAGQAQgByAGUAcwBzAGEAbgBfAEcAbABvAGIAYQBsACAAYwBvAG4AcwBlAHIAdgBhAHQAaQB2AGUAIABzAG8AbAB1AHQAaQBvAG4AcwAgAG8AZgAgAHQAaABlACAAQwBhAG0AYQBzAHMAYQAtAEgAbwBsAG0AIABlAHEAdQBhAHQAaQBvAG4AXwBBAHIAYwBoAC4AIABSAGEAdABpAG8AbgAuACAATQBlAGMAaAAuACAAQQBuAGEAbAAuAF8AMAA3AGEALgBwAGQAZgAPABoADABNAGEAYwBpAG4AdABvAHMAaAAgAEgARAASAJBVc2Vycy9kYXZpZGthcmFwZXR5YW4vRG9jdW1lbnRzL01hdGgvUGFwZXJzL0JyZXNzYW5fR2xvYmFsIGNvbnNlcnZhdGl2ZSBzb2x1dGlvbnMgb2YgdGhlIENhbWFzc2EtSG9sbSBlcXVhdGlvbl9BcmNoLiBSYXRpb24uIE1lY2guIEFuYWwuXzA3YS5wZGYAEwABLwAAFQACABb//wAAgAXSHB0eH1gkY2xhc3Nlc1okY2xhc3NuYW1lox8gIV1OU011dGFibGVEYXRhVk5TRGF0YVhOU09iamVjdF8Qbi4uL1BhcGVycy9CcmVzc2FuX0dsb2JhbCBjb25zZXJ2YXRpdmUgc29sdXRpb25zIG9mIHRoZSBDYW1hc3NhLUhvbG0gZXF1YXRpb25fQXJjaC4gUmF0aW9uLiBNZWNoLiBBbmFsLl8wN2EucGRm0hwdJCWiJSFcTlNEaWN0aW9uYXJ5EgABhqBfEA9OU0tleWVkQXJjaGl2ZXIACAARABYAHwAoADIANQA6ADwARQBLAFIAXQBlAGwAbwBxAHMAdgB4AHoAfACGAJMAmACgA2ADYgNnA3ADewN/A40DlAOdBA4EEwQWBCMEKAAAAAAAAAIBAAAAAAAAACgAAAAAAAAAAAAAAAAAAAQ6},
	Bdsk-Url-1 = {http://www.ams.org.proxy.library.nd.edu/mathscinet-getitem?mr=2278406}}

@article{Constantin_1998_Well-posedness-,
	Author = {Constantin, Adrian and Escher, Joachim},
	Coden = {CPAMA},
	Date-Added = {2009-10-19 17:13:22 -0400},
	Date-Modified = {2009-10-19 17:14:00 -0400},
	Fjournal = {Communications on Pure and Applied Mathematics},
	Issn = {0010-3640},
	Journal = {Comm. Pure Appl. Math.},
	Mrclass = {35Q53 (35B60 35D05 35L67)},
	Mrnumber = {MR1604278 (98k:35165)},
	Mrreviewer = {Bruno Scheurer},
	Number = {5},
	Pages = {475--504},
	Title = {Well-posedness, global existence, and blowup phenomena for a periodic quasi-linear hyperbolic equation},
	Volume = {51},
	Year = {1998},
	Bdsk-File-1 = {YnBsaXN0MDDUAQIDBAUIJidUJHRvcFgkb2JqZWN0c1gkdmVyc2lvblkkYXJjaGl2ZXLRBgdUcm9vdIABqAkKFRYXGyIjVSRudWxs0wsMDQ4RFFpOUy5vYmplY3RzV05TLmtleXNWJGNsYXNzog8QgASABqISE4ACgAOAB1lhbGlhc0RhdGFccmVsYXRpdmVQYXRo0hgNGRpXTlMuZGF0YU8RA0AAAAAAA0AAAgAADE1hY2ludG9zaCBIRAAAAAAAAAAAAAAAAAAAAMfOW6BIKwAAABBS7h9Db25zdGFudGluX1dlbGwtcG9zZSMxMDUzMEYucGRmAAAAAAAAAAAAAAAAAAAAAAAAAAAAAAAAAAAAAAAAAAAAEFMPxwJOygAAAAAAAAAAAAEAAgAACSAAAAAAAAAAAAAAAAAAAAAGUGFwZXJzABAACAAAx86T4AAAABEACAAAxwKHCgAAAAEAFAAQUu4AEFLsAA/YDgAP0EUAD9AXAAIAWE1hY2ludG9zaCBIRDpVc2VyczpkYXZpZGthcmFwZXR5YW46RG9jdW1lbnRzOk1hdGg6UGFwZXJzOkNvbnN0YW50aW5fV2VsbC1wb3NlIzEwNTMwRi5wZGYADgEiAJAAQwBvAG4AcwB0AGEAbgB0AGkAbgBfAFcAZQBsAGwALQBwAG8AcwBlAGQAbgBlAHMAcwAsACAAZwBsAG8AYgBhAGwAIABlAHgAaQBzAHQAZQBuAGMAZQAsACAAYQBuAGQAIABiAGwAbwB3AHUAcAAgAHAAaABlAG4AbwBtAGUAbgBhACAAZgBvAHIAIABhACAAcABlAHIAaQBvAGQAaQBjACAAcQB1AGEAcwBpAC0AbABpAG4AZQBhAHIAIABoAHkAcABlAHIAYgBvAGwAaQBjACAAZQBxAHUAYQB0AGkAbwBuAF8AQwBvAG0AbQAuACAAUAB1AHIAZQAgAEEAcABwAGwALgAgAE0AYQB0AGgALgBfADkAOABiAC4AcABkAGYADwAaAAwATQBhAGMAaQBuAHQAbwBzAGgAIABIAEQAEgC8VXNlcnMvZGF2aWRrYXJhcGV0eWFuL0RvY3VtZW50cy9NYXRoL1BhcGVycy9Db25zdGFudGluX1dlbGwtcG9zZWRuZXNzLCBnbG9iYWwgZXhpc3RlbmNlLCBhbmQgYmxvd3VwIHBoZW5vbWVuYSBmb3IgYSBwZXJpb2RpYyBxdWFzaS1saW5lYXIgaHlwZXJib2xpYyBlcXVhdGlvbl9Db21tLiBQdXJlIEFwcGwuIE1hdGguXzk4Yi5wZGYAEwABLwAAFQACABb//wAAgAXSHB0eH1gkY2xhc3Nlc1okY2xhc3NuYW1lox8gIV1OU011dGFibGVEYXRhVk5TRGF0YVhOU09iamVjdF8Qmi4uL1BhcGVycy9Db25zdGFudGluX1dlbGwtcG9zZWRuZXNzLCBnbG9iYWwgZXhpc3RlbmNlLCBhbmQgYmxvd3VwIHBoZW5vbWVuYSBmb3IgYSBwZXJpb2RpYyBxdWFzaS1saW5lYXIgaHlwZXJib2xpYyBlcXVhdGlvbl9Db21tLiBQdXJlIEFwcGwuIE1hdGguXzk4Yi5wZGbSHB0kJaIlIVxOU0RpY3Rpb25hcnkSAAGGoF8QD05TS2V5ZWRBcmNoaXZlcgAIABEAFgAfACgAMgA1ADoAPABFAEsAUgBdAGUAbABvAHEAcwB2AHgAegB8AIYAkwCYAKAD5APmA+sD9AP/BAMEEQQYBCEEvgTDBMYE0wTYAAAAAAAAAgEAAAAAAAAAKAAAAAAAAAAAAAAAAAAABOo=},
	Bdsk-Url-1 = {http://www.ams.org.proxy.library.nd.edu/mathscinet-getitem?mr=1604278}}

@article{Misioek_1998_A-shallow-water,
	Author = {Misio{\l}ek, Gerard},
	Coden = {JGPHE5},
	Date-Added = {2009-10-19 17:04:29 -0400},
	Date-Modified = {2009-10-19 17:05:02 -0400},
	Fjournal = {Journal of Geometry and Physics},
	Issn = {0393-0440},
	Journal = {J. Geom. Phys.},
	Mrclass = {58B20 (35Q53 58B25 58D05)},
	Mrnumber = {MR1491553 (99d:58018)},
	Mrreviewer = {C. J. Atkin},
	Number = {3},
	Pages = {203--208},
	Title = {A shallow water equation as a geodesic flow on the {B}ott-{V}irasoro group},
	Volume = {24},
	Year = {1998},
	Bdsk-File-1 = {YnBsaXN0MDDUAQIDBAUIJidUJHRvcFgkb2JqZWN0c1gkdmVyc2lvblkkYXJjaGl2ZXLRBgdUcm9vdIABqAkKFRYXGyIjVSRudWxs0wsMDQ4RFFpOUy5vYmplY3RzV05TLmtleXNWJGNsYXNzog8QgASABqISE4ACgAOAB1lhbGlhc0RhdGFccmVsYXRpdmVQYXRo0hgNGRpXTlMuZGF0YU8RArYAAAAAArYAAgAADE1hY2ludG9zaCBIRAAAAAAAAAAAAAAAAAAAAMfOW6BIKwAAABBS7hBNaXNpbyMxMDUzMkUucGRmAAAAAAAAAAAAAAAAAAAAAAAAAAAAAAAAAAAAAAAAAAAAAAAAAAAAAAAAAAAAAAAAEFMuxwJMtAAAAAAAAAAAAAEAAgAACSAAAAAAAAAAAAAAAAAAAAAGUGFwZXJzABAACAAAx86T4AAAABEACAAAxwKE9AAAAAEAFAAQUu4AEFLsAA/YDgAP0EUAD9AXAAIASU1hY2ludG9zaCBIRDpVc2VyczpkYXZpZGthcmFwZXR5YW46RG9jdW1lbnRzOk1hdGg6UGFwZXJzOk1pc2lvIzEwNTMyRS5wZGYAAA4AzgBmAE0AaQBzAGkAbwFCAGUAawBfAEEAIABzAGgAYQBsAGwAbwB3ACAAdwBhAHQAZQByACAAZQBxAHUAYQB0AGkAbwBuACAAYQBzACAAYQAgAGcAZQBvAGQAZQBzAGkAYwAgAGYAbABvAHcAIABvAG4AIAB0AGgAZQAgAEIAbwB0AHQALQBWAGkAcgBhAHMAbwByAG8AIABnAHIAbwB1AHAAXwBKAC4AIABHAGUAbwBtAC4AIABQAGgAeQBzAC4AXwA5ADgAYQAuAHAAZABmAA8AGgAMAE0AYQBjAGkAbgB0AG8AcwBoACAASABEABIAk1VzZXJzL2Rhdmlka2FyYXBldHlhbi9Eb2N1bWVudHMvTWF0aC9QYXBlcnMvTWlzaW/FgmVrX0Egc2hhbGxvdyB3YXRlciBlcXVhdGlvbiBhcyBhIGdlb2Rlc2ljIGZsb3cgb24gdGhlIEJvdHQtVmlyYXNvcm8gZ3JvdXBfSi4gR2VvbS4gUGh5cy5fOThhLnBkZgAAEwABLwAAFQACABb//wAAgAXSHB0eH1gkY2xhc3Nlc1okY2xhc3NuYW1lox8gIV1OU011dGFibGVEYXRhVk5TRGF0YVhOU09iamVjdG8QcAAuAC4ALwBQAGEAcABlAHIAcwAvAE0AaQBzAGkAbwFCAGUAawBfAEEAIABzAGgAYQBsAGwAbwB3ACAAdwBhAHQAZQByACAAZQBxAHUAYQB0AGkAbwBuACAAYQBzACAAYQAgAGcAZQBvAGQAZQBzAGkAYwAgAGYAbABvAHcAIABvAG4AIAB0AGgAZQAgAEIAbwB0AHQALQBWAGkAcgBhAHMAbwByAG8AIABnAHIAbwB1AHAAXwBKAC4AIABHAGUAbwBtAC4AIABQAGgAeQBzAC4AXwA5ADgAYQAuAHAAZABm0hwdJCWiJSFcTlNEaWN0aW9uYXJ5EgABhqBfEA9OU0tleWVkQXJjaGl2ZXIACAARABYAHwAoADIANQA6ADwARQBLAFIAXQBlAGwAbwBxAHMAdgB4AHoAfACGAJMAmACgA1oDXANhA2oDdQN5A4cDjgOXBHoEfwSCBI8ElAAAAAAAAAIBAAAAAAAAACgAAAAAAAAAAAAAAAAAAASm},
	Bdsk-Url-1 = {http://www.ams.org.proxy.library.nd.edu/mathscinet-getitem?mr=1491553}}

@article{Constantin_1999_A-shallow-water,
	Author = {Constantin, A. and McKean, H. P.},
	Coden = {CPAMA},
	Date-Added = {2009-10-19 17:01:52 -0400},
	Date-Modified = {2009-10-19 17:02:38 -0400},
	Fjournal = {Communications on Pure and Applied Mathematics},
	Issn = {0010-3640},
	Journal = {Comm. Pure Appl. Math.},
	Mrclass = {37K10 (34L40 35Q58 37K15)},
	Mrnumber = {MR1686969 (2000m:37146)},
	Mrreviewer = {Piotr G. Grinevich},
	Number = {8},
	Pages = {949--982},
	Title = {A shallow water equation on the circle},
	Volume = {52},
	Year = {1999},
	Bdsk-File-1 = {YnBsaXN0MDDUAQIDBAUIJidUJHRvcFgkb2JqZWN0c1gkdmVyc2lvblkkYXJjaGl2ZXLRBgdUcm9vdIABqAkKFRYXGyIjVSRudWxs0wsMDQ4RFFpOUy5vYmplY3RzV05TLmtleXNWJGNsYXNzog8QgASABqISE4ACgAOAB1lhbGlhc0RhdGFccmVsYXRpdmVQYXRo0hgNGRpXTlMuZGF0YU8RAoAAAAAAAoAAAgAADE1hY2ludG9zaCBIRAAAAAAAAAAAAAAAAAAAAMfOW6BIKwAAABBS7h9Db25zdGFudGluX0Egc2hhbGxvdyMxMDUzMDUucGRmAAAAAAAAAAAAAAAAAAAAAAAAAAAAAAAAAAAAAAAAAAAAEFMFxwJMIQAAAAAAAAAAAAEAAgAACSAAAAAAAAAAAAAAAAAAAAAGUGFwZXJzABAACAAAx86T4AAAABEACAAAxwKEYQAAAAEAFAAQUu4AEFLsAA/YDgAP0EUAD9AXAAIAWE1hY2ludG9zaCBIRDpVc2VyczpkYXZpZGthcmFwZXR5YW46RG9jdW1lbnRzOk1hdGg6UGFwZXJzOkNvbnN0YW50aW5fQSBzaGFsbG93IzEwNTMwNS5wZGYADgCiAFAAQwBvAG4AcwB0AGEAbgB0AGkAbgBfAEEAIABzAGgAYQBsAGwAbwB3ACAAdwBhAHQAZQByACAAZQBxAHUAYQB0AGkAbwBuACAAbwBuACAAdABoAGUAIABjAGkAcgBjAGwAZQBfAEMAbwBtAG0ALgAgAFAAdQByAGUAIABBAHAAcABsAC4AIABNAGEAdABoAC4AXwA5ADkAYQAuAHAAZABmAA8AGgAMAE0AYQBjAGkAbgB0AG8AcwBoACAASABEABIAfFVzZXJzL2Rhdmlka2FyYXBldHlhbi9Eb2N1bWVudHMvTWF0aC9QYXBlcnMvQ29uc3RhbnRpbl9BIHNoYWxsb3cgd2F0ZXIgZXF1YXRpb24gb24gdGhlIGNpcmNsZV9Db21tLiBQdXJlIEFwcGwuIE1hdGguXzk5YS5wZGYAEwABLwAAFQACABb//wAAgAXSHB0eH1gkY2xhc3Nlc1okY2xhc3NuYW1lox8gIV1OU011dGFibGVEYXRhVk5TRGF0YVhOU09iamVjdF8QWi4uL1BhcGVycy9Db25zdGFudGluX0Egc2hhbGxvdyB3YXRlciBlcXVhdGlvbiBvbiB0aGUgY2lyY2xlX0NvbW0uIFB1cmUgQXBwbC4gTWF0aC5fOTlhLnBkZtIcHSQloiUhXE5TRGljdGlvbmFyeRIAAYagXxAPTlNLZXllZEFyY2hpdmVyAAgAEQAWAB8AKAAyADUAOgA8AEUASwBSAF0AZQBsAG8AcQBzAHYAeAB6AHwAhgCTAJgAoAMkAyYDKwM0Az8DQwNRA1gDYQO+A8MDxgPTA9gAAAAAAAACAQAAAAAAAAAoAAAAAAAAAAAAAAAAAAAD6g==},
	Bdsk-Url-1 = {http://www.ams.org.proxy.library.nd.edu/mathscinet-getitem?mr=1686969}}

@article{Constantin_2003_Geodesic-flow-o,
	Author = {Constantin, Adrian and Kolev, Boris},
	Coden = {COMHAX},
	Date-Added = {2009-10-19 17:00:38 -0400},
	Date-Modified = {2009-10-19 17:01:07 -0400},
	Fjournal = {Commentarii Mathematici Helvetici},
	Issn = {0010-2571},
	Journal = {Comment. Math. Helv.},
	Mrclass = {37K65 (22E65 35A30 35B25 58B25 58D05)},
	Mrnumber = {MR2016696 (2004k:37163)},
	Mrreviewer = {Nikolai K. Smolentsev},
	Number = {4},
	Pages = {787--804},
	Title = {Geodesic flow on the diffeomorphism group of the circle},
	Volume = {78},
	Year = {2003},
	Bdsk-File-1 = {YnBsaXN0MDDUAQIDBAUIJidUJHRvcFgkb2JqZWN0c1gkdmVyc2lvblkkYXJjaGl2ZXLRBgdUcm9vdIABqAkKFRYXGyIjVSRudWxs0wsMDQ4RFFpOUy5vYmplY3RzV05TLmtleXNWJGNsYXNzog8QgASABqISE4ACgAOAB1lhbGlhc0RhdGFccmVsYXRpdmVQYXRo0hgNGRpXTlMuZGF0YU8RAq4AAAAAAq4AAgAADE1hY2ludG9zaCBIRAAAAAAAAAAAAAAAAAAAAMfOW6BIKwAAABBS7h9Db25zdGFudGluX0dlb2Rlc2ljICMxMDUzMDgucGRmAAAAAAAAAAAAAAAAAAAAAAAAAAAAAAAAAAAAAAAAAAAAEFMIxwJLyAAAAAAAAAAAAAEAAgAACSAAAAAAAAAAAAAAAAAAAAAGUGFwZXJzABAACAAAx86T4AAAABEACAAAxwKECAAAAAEAFAAQUu4AEFLsAA/YDgAP0EUAD9AXAAIAWE1hY2ludG9zaCBIRDpVc2VyczpkYXZpZGthcmFwZXR5YW46RG9jdW1lbnRzOk1hdGg6UGFwZXJzOkNvbnN0YW50aW5fR2VvZGVzaWMgIzEwNTMwOC5wZGYADgDAAF8AQwBvAG4AcwB0AGEAbgB0AGkAbgBfAEcAZQBvAGQAZQBzAGkAYwAgAGYAbABvAHcAIABvAG4AIAB0AGgAZQAgAGQAaQBmAGYAZQBvAG0AbwByAHAAaABpAHMAbQAgAGcAcgBvAHUAcAAgAG8AZgAgAHQAaABlACAAYwBpAHIAYwBsAGUAXwBDAG8AbQBtAGUAbgB0AC4AIABNAGEAdABoAC4AIABIAGUAbAB2AC4AXwAwADMAYQAuAHAAZABmAA8AGgAMAE0AYQBjAGkAbgB0AG8AcwBoACAASABEABIAi1VzZXJzL2Rhdmlka2FyYXBldHlhbi9Eb2N1bWVudHMvTWF0aC9QYXBlcnMvQ29uc3RhbnRpbl9HZW9kZXNpYyBmbG93IG9uIHRoZSBkaWZmZW9tb3JwaGlzbSBncm91cCBvZiB0aGUgY2lyY2xlX0NvbW1lbnQuIE1hdGguIEhlbHYuXzAzYS5wZGYAABMAAS8AABUAAgAW//8AAIAF0hwdHh9YJGNsYXNzZXNaJGNsYXNzbmFtZaMfICFdTlNNdXRhYmxlRGF0YVZOU0RhdGFYTlNPYmplY3RfEGkuLi9QYXBlcnMvQ29uc3RhbnRpbl9HZW9kZXNpYyBmbG93IG9uIHRoZSBkaWZmZW9tb3JwaGlzbSBncm91cCBvZiB0aGUgY2lyY2xlX0NvbW1lbnQuIE1hdGguIEhlbHYuXzAzYS5wZGbSHB0kJaIlIVxOU0RpY3Rpb25hcnkSAAGGoF8QD05TS2V5ZWRBcmNoaXZlcgAIABEAFgAfACgAMgA1ADoAPABFAEsAUgBdAGUAbABvAHEAcwB2AHgAegB8AIYAkwCYAKADUgNUA1kDYgNtA3EDfwOGA48D+wQABAMEEAQVAAAAAAAAAgEAAAAAAAAAKAAAAAAAAAAAAAAAAAAABCc=},
	Bdsk-Url-1 = {http://www.ams.org.proxy.library.nd.edu/mathscinet-getitem?mr=2016696}}

@article{Constantin_2002_On-the-geometri,
	Author = {Constantin, Adrian and Kolev, Boris},
	Coden = {JPHAC5},
	Date-Added = {2009-10-19 16:59:06 -0400},
	Date-Modified = {2009-10-19 16:59:48 -0400},
	Fjournal = {Journal of Physics. A. Mathematical and General},
	Issn = {0305-4470},
	Journal = {J. Phys. A},
	Mrclass = {37K65 (37K10 58D05)},
	Mrnumber = {MR1930889 (2003g:37138)},
	Mrreviewer = {Andrew Pickering},
	Number = {32},
	Pages = {R51--R79},
	Title = {On the geometric approach to the motion of inertial mechanical systems},
	Volume = {35},
	Year = {2002},
	Bdsk-File-1 = {YnBsaXN0MDDUAQIDBAUIJidUJHRvcFgkb2JqZWN0c1gkdmVyc2lvblkkYXJjaGl2ZXLRBgdUcm9vdIABqAkKFRYXGyIjVSRudWxs0wsMDQ4RFFpOUy5vYmplY3RzV05TLmtleXNWJGNsYXNzog8QgASABqISE4ACgAOAB1lhbGlhc0RhdGFccmVsYXRpdmVQYXRo0hgNGRpXTlMuZGF0YU8RArwAAAAAArwAAgAADE1hY2ludG9zaCBIRAAAAAAAAAAAAAAAAAAAAMfOW6BIKwAAABBS7h9Db25zdGFudGluX09uIHRoZSBnZSMxMDUzMEEucGRmAAAAAAAAAAAAAAAAAAAAAAAAAAAAAAAAAAAAAAAAAAAAEFMKxwJLdwAAAAAAAAAAAAEAAgAACSAAAAAAAAAAAAAAAAAAAAAGUGFwZXJzABAACAAAx86T4AAAABEACAAAxwKDtwAAAAEAFAAQUu4AEFLsAA/YDgAP0EUAD9AXAAIAWE1hY2ludG9zaCBIRDpVc2VyczpkYXZpZGthcmFwZXR5YW46RG9jdW1lbnRzOk1hdGg6UGFwZXJzOkNvbnN0YW50aW5fT24gdGhlIGdlIzEwNTMwQS5wZGYADgDKAGQAQwBvAG4AcwB0AGEAbgB0AGkAbgBfAE8AbgAgAHQAaABlACAAZwBlAG8AbQBlAHQAcgBpAGMAIABhAHAAcAByAG8AYQBjAGgAIAB0AG8AIAB0AGgAZQAgAG0AbwB0AGkAbwBuACAAbwBmACAAaQBuAGUAcgB0AGkAYQBsACAAbQBlAGMAaABhAG4AaQBjAGEAbAAgAHMAeQBzAHQAZQBtAHMAXwBKAC4AIABQAGgAeQBzAC4AIABBAF8AMAAyAGEALgBwAGQAZgAPABoADABNAGEAYwBpAG4AdABvAHMAaAAgAEgARAASAJBVc2Vycy9kYXZpZGthcmFwZXR5YW4vRG9jdW1lbnRzL01hdGgvUGFwZXJzL0NvbnN0YW50aW5fT24gdGhlIGdlb21ldHJpYyBhcHByb2FjaCB0byB0aGUgbW90aW9uIG9mIGluZXJ0aWFsIG1lY2hhbmljYWwgc3lzdGVtc19KLiBQaHlzLiBBXzAyYS5wZGYAEwABLwAAFQACABb//wAAgAXSHB0eH1gkY2xhc3Nlc1okY2xhc3NuYW1lox8gIV1OU011dGFibGVEYXRhVk5TRGF0YVhOU09iamVjdF8Qbi4uL1BhcGVycy9Db25zdGFudGluX09uIHRoZSBnZW9tZXRyaWMgYXBwcm9hY2ggdG8gdGhlIG1vdGlvbiBvZiBpbmVydGlhbCBtZWNoYW5pY2FsIHN5c3RlbXNfSi4gUGh5cy4gQV8wMmEucGRm0hwdJCWiJSFcTlNEaWN0aW9uYXJ5EgABhqBfEA9OU0tleWVkQXJjaGl2ZXIACAARABYAHwAoADIANQA6ADwARQBLAFIAXQBlAGwAbwBxAHMAdgB4AHoAfACGAJMAmACgA2ADYgNnA3ADewN/A40DlAOdBA4EEwQWBCMEKAAAAAAAAAIBAAAAAAAAACgAAAAAAAAAAAAAAAAAAAQ6},
	Bdsk-Url-1 = {http://www.ams.org.proxy.library.nd.edu/mathscinet-getitem?mr=1930889}}

@article{Arnold_1966_Sur-la-geometri,
	Author = {Arnold, V.},
	Date-Added = {2009-10-19 16:43:34 -0400},
	Date-Modified = {2009-10-19 16:49:19 -0400},
	Fjournal = {Universit{\'e} de Grenoble. Annales de l'Institut Fourier},
	Issn = {0373-0956},
	Journal = {Ann. Inst. Fourier (Grenoble)},
	Mrclass = {57.50 (57.55)},
	Mrnumber = {MR0202082 (34 \#1956)},
	Mrreviewer = {R. Hermann},
	Number = {fasc. 1},
	Pages = {319--361},
	Title = {Sur la g{\'e}om{\'e}trie diff{\'e}rentielle des groupes de {L}ie de dimension infinie et ses applications {\`a} l'hydrodynamique des fluides parfaits},
	Volume = {16},
	Year = {1966},
	Bdsk-File-1 = {YnBsaXN0MDDUAQIDBAUIJidUJHRvcFgkb2JqZWN0c1gkdmVyc2lvblkkYXJjaGl2ZXLRBgdUcm9vdIABqAkKFRYXGyIjVSRudWxs0wsMDQ4RFFpOUy5vYmplY3RzV05TLmtleXNWJGNsYXNzog8QgASABqISE4ACgAOAB1lhbGlhc0RhdGFccmVsYXRpdmVQYXRo0hgNGRpXTlMuZGF0YU8RA7AAAAAAA7AAAgAADE1hY2ludG9zaCBIRAAAAAAAAAAAAAAAAAAAAMfOW6BIKwAAABBS7h9Bcm5vbGRfU3VyIGxhIGeOb22OdCMxMDUyRUYucGRmAAAAAAAAAAAAAAAAAAAAAAAAAAAAAAAAAAAAAAAAAAAAEFLvxwJJBQAAAAAAAAAAAAEAAgAACSAAAAAAAAAAAAAAAAAAAAAGUGFwZXJzABAACAAAx86T4AAAABEACAAAxwKBRQAAAAEAFAAQUu4AEFLsAA/YDgAP0EUAD9AXAAIAWE1hY2ludG9zaCBIRDpVc2VyczpkYXZpZGthcmFwZXR5YW46RG9jdW1lbnRzOk1hdGg6UGFwZXJzOkFybm9sZF9TdXIgbGEgZ45vbY50IzEwNTJFRi5wZGYADgFqALQAQQByAG4AbwBsAGQAXwBTAHUAcgAgAGwAYQAgAGcAZQMBAG8AbQBlAwEAdAByAGkAZQAgAGQAaQBmAGYAZQMBAHIAZQBuAHQAaQBlAGwAbABlACAAZABlAHMAIABnAHIAbwB1AHAAZQBzACAAZABlACAATABpAGUAIABkAGUAIABkAGkAbQBlAG4AcwBpAG8AbgAgAGkAbgBmAGkAbgBpAGUAIABlAHQAIABzAGUAcwAgAGEAcABwAGwAaQBjAGEAdABpAG8AbgBzACAAYQMAACAAbAAnAGgAeQBkAHIAbwBkAHkAbgBhAG0AaQBxAHUAZQAgAGQAZQBzACAAZgBsAHUAaQBkAGUAcwAgAHAAYQByAGYAYQBpAHQAcwBfAEEAbgBuAC4AIABJAG4AcwB0AC4AIABGAG8AdQByAGkAZQByACAAKABHAHIAZQBuAG8AYgBsAGUAKQBfADYANgBhAC4AcABkAGYADwAaAAwATQBhAGMAaQBuAHQAbwBzAGgAIABIAEQAEgDkVXNlcnMvZGF2aWRrYXJhcGV0eWFuL0RvY3VtZW50cy9NYXRoL1BhcGVycy9Bcm5vbGRfU3VyIGxhIGdlzIFvbWXMgXRyaWUgZGlmZmXMgXJlbnRpZWxsZSBkZXMgZ3JvdXBlcyBkZSBMaWUgZGUgZGltZW5zaW9uIGluZmluaWUgZXQgc2VzIGFwcGxpY2F0aW9ucyBhzIAgbCdoeWRyb2R5bmFtaXF1ZSBkZXMgZmx1aWRlcyBwYXJmYWl0c19Bbm4uIEluc3QuIEZvdXJpZXIgKEdyZW5vYmxlKV82NmEucGRmABMAAS8AABUAAgAW//8AAIAF0hwdHh9YJGNsYXNzZXNaJGNsYXNzbmFtZaMfICFdTlNNdXRhYmxlRGF0YVZOU0RhdGFYTlNPYmplY3RvEL4ALgAuAC8AUABhAHAAZQByAHMALwBBAHIAbgBvAGwAZABfAFMAdQByACAAbABhACAAZwBlAwEAbwBtAGUDAQB0AHIAaQBlACAAZABpAGYAZgBlAwEAcgBlAG4AdABpAGUAbABsAGUAIABkAGUAcwAgAGcAcgBvAHUAcABlAHMAIABkAGUAIABMAGkAZQAgAGQAZQAgAGQAaQBtAGUAbgBzAGkAbwBuACAAaQBuAGYAaQBuAGkAZQAgAGUAdAAgAHMAZQBzACAAYQBwAHAAbABpAGMAYQB0AGkAbwBuAHMAIABhAwAAIABsACcAaAB5AGQAcgBvAGQAeQBuAGEAbQBpAHEAdQBlACAAZABlAHMAIABmAGwAdQBpAGQAZQBzACAAcABhAHIAZgBhAGkAdABzAF8AQQBuAG4ALgAgAEkAbgBzAHQALgAgAEYAbwB1AHIAaQBlAHIAIAAoAEcAcgBlAG4AbwBiAGwAZQApAF8ANgA2AGEALgBwAGQAZtIcHSQloiUhXE5TRGljdGlvbmFyeRIAAYagXxAPTlNLZXllZEFyY2hpdmVyAAgAEQAWAB8AKAAyADUAOgA8AEUASwBSAF0AZQBsAG8AcQBzAHYAeAB6AHwAhgCTAJgAoARUBFYEWwRkBG8EcwSBBIgEkQYQBhUGGAYlBioAAAAAAAACAQAAAAAAAAAoAAAAAAAAAAAAAAAAAAAGPA==},
	Bdsk-Url-1 = {http://www.ams.org.proxy.library.nd.edu/mathscinet-getitem?mr=0202082}}

@article{Constantin_1998_Wave-breaking-f,
	Author = {Constantin, Adrian and Escher, Joachim},
	Coden = {ACMAA8},
	Date-Added = {2009-10-19 15:58:16 -0400},
	Date-Modified = {2009-10-19 15:59:20 -0400},
	Fjournal = {Acta Mathematica},
	Issn = {0001-5962},
	Journal = {Acta Math.},
	Mrclass = {35Q35 (76B15)},
	Mrnumber = {MR1668586 (2000b:35206)},
	Mrreviewer = {Alan Jeffrey},
	Number = {2},
	Pages = {229--243},
	Title = {Wave breaking for nonlinear nonlocal shallow water equations},
	Volume = {181},
	Year = {1998},
	Bdsk-File-1 = {YnBsaXN0MDDUAQIDBAUIJidUJHRvcFgkb2JqZWN0c1gkdmVyc2lvblkkYXJjaGl2ZXLRBgdUcm9vdIABqAkKFRYXGyIjVSRudWxs0wsMDQ4RFFpOUy5vYmplY3RzV05TLmtleXNWJGNsYXNzog8QgASABqISE4ACgAOAB1lhbGlhc0RhdGFccmVsYXRpdmVQYXRo0hgNGRpXTlMuZGF0YU8RAp4AAAAAAp4AAgAADE1hY2ludG9zaCBIRAAAAAAAAAAAAAAAAAAAAMfOW6BIKwAAABBS7h9Db25zdGFudGluX1dhdmUgYnJlYSMxMDUzMEQucGRmAAAAAAAAAAAAAAAAAAAAAAAAAAAAAAAAAAAAAAAAAAAAEFMNxwI9UAAAAAAAAAAAAAEAAgAACSAAAAAAAAAAAAAAAAAAAAAGUGFwZXJzABAACAAAx86T4AAAABEACAAAxwJ1kAAAAAEAFAAQUu4AEFLsAA/YDgAP0EUAD9AXAAIAWE1hY2ludG9zaCBIRDpVc2VyczpkYXZpZGthcmFwZXR5YW46RG9jdW1lbnRzOk1hdGg6UGFwZXJzOkNvbnN0YW50aW5fV2F2ZSBicmVhIzEwNTMwRC5wZGYADgC2AFoAQwBvAG4AcwB0AGEAbgB0AGkAbgBfAFcAYQB2AGUAIABiAHIAZQBhAGsAaQBuAGcAIABmAG8AcgAgAG4AbwBuAGwAaQBuAGUAYQByACAAbgBvAG4AbABvAGMAYQBsACAAcwBoAGEAbABsAG8AdwAgAHcAYQB0AGUAcgAgAGUAcQB1AGEAdABpAG8AbgBzAF8AQQBjAHQAYQAgAE0AYQB0AGgALgBfADkAOABhAC4AcABkAGYADwAaAAwATQBhAGMAaQBuAHQAbwBzAGgAIABIAEQAEgCGVXNlcnMvZGF2aWRrYXJhcGV0eWFuL0RvY3VtZW50cy9NYXRoL1BhcGVycy9Db25zdGFudGluX1dhdmUgYnJlYWtpbmcgZm9yIG5vbmxpbmVhciBub25sb2NhbCBzaGFsbG93IHdhdGVyIGVxdWF0aW9uc19BY3RhIE1hdGguXzk4YS5wZGYAEwABLwAAFQACABb//wAAgAXSHB0eH1gkY2xhc3Nlc1okY2xhc3NuYW1lox8gIV1OU011dGFibGVEYXRhVk5TRGF0YVhOU09iamVjdF8QZC4uL1BhcGVycy9Db25zdGFudGluX1dhdmUgYnJlYWtpbmcgZm9yIG5vbmxpbmVhciBub25sb2NhbCBzaGFsbG93IHdhdGVyIGVxdWF0aW9uc19BY3RhIE1hdGguXzk4YS5wZGbSHB0kJaIlIVxOU0RpY3Rpb25hcnkSAAGGoF8QD05TS2V5ZWRBcmNoaXZlcgAIABEAFgAfACgAMgA1ADoAPABFAEsAUgBdAGUAbABvAHEAcwB2AHgAegB8AIYAkwCYAKADQgNEA0kDUgNdA2EDbwN2A38D5gPrA+4D+wQAAAAAAAAAAgEAAAAAAAAAKAAAAAAAAAAAAAAAAAAABBI=},
	Bdsk-Url-1 = {http://www.ams.org.proxy.library.nd.edu/mathscinet-getitem?mr=1668586}}

@article{Constantin_2000_Existence-of-pe,
	Author = {Constantin, Adrian},
	Coden = {AIFUA7},
	Date-Added = {2009-10-19 15:56:28 -0400},
	Date-Modified = {2009-10-19 15:59:27 -0400},
	Fjournal = {Universit{\'e} de Grenoble. Annales de l'Institut Fourier},
	Issn = {0373-0956},
	Journal = {Ann. Inst. Fourier (Grenoble)},
	Mrclass = {37K65 (35B40 35Q53 76B15)},
	Mrnumber = {MR1775353 (2002d:37125)},
	Number = {2},
	Pages = {321--362},
	Title = {Existence of permanent and breaking waves for a shallow water equation: a geometric approach},
	Volume = {50},
	Year = {2000},
	Bdsk-File-1 = {YnBsaXN0MDDUAQIDBAUIJidUJHRvcFgkb2JqZWN0c1gkdmVyc2lvblkkYXJjaGl2ZXLRBgdUcm9vdIABqAkKFRYXGyIjVSRudWxs0wsMDQ4RFFpOUy5vYmplY3RzV05TLmtleXNWJGNsYXNzog8QgASABqISE4ACgAOAB1lhbGlhc0RhdGFccmVsYXRpdmVQYXRo0hgNGRpXTlMuZGF0YU8RAzQAAAAAAzQAAgAADE1hY2ludG9zaCBIRAAAAAAAAAAAAAAAAAAAAMfOW6BIKwAAABBS7h9Db25zdGFudGluX0V4aXN0ZW5jZSMxMDUzMDcucGRmAAAAAAAAAAAAAAAAAAAAAAAAAAAAAAAAAAAAAAAAAAAAEFMHxwJEYwAAAAAAAAAAAAEAAgAACSAAAAAAAAAAAAAAAAAAAAAGUGFwZXJzABAACAAAx86T4AAAABEACAAAxwJ8owAAAAEAFAAQUu4AEFLsAA/YDgAP0EUAD9AXAAIAWE1hY2ludG9zaCBIRDpVc2VyczpkYXZpZGthcmFwZXR5YW46RG9jdW1lbnRzOk1hdGg6UGFwZXJzOkNvbnN0YW50aW5fRXhpc3RlbmNlIzEwNTMwNy5wZGYADgEaAIwAQwBvAG4AcwB0AGEAbgB0AGkAbgBfAEUAeABpAHMAdABlAG4AYwBlACAAbwBmACAAcABlAHIAbQBhAG4AZQBuAHQAIABhAG4AZAAgAGIAcgBlAGEAawBpAG4AZwAgAHcAYQB2AGUAcwAgAGYAbwByACAAYQAgAHMAaABhAGwAbABvAHcAIAB3AGEAdABlAHIAIABlAHEAdQBhAHQAaQBvAG4AIABhACAAZwBlAG8AbQBlAHQAcgBpAGMAIABhAHAAcAByAG8AYQBjAGgAXwBBAG4AbgAuACAASQBuAHMAdAAuACAARgBvAHUAcgBpAGUAcgAgACgARwByAGUAbgBvAGIAbABlACkAXwAwADAAYgAuAHAAZABmAA8AGgAMAE0AYQBjAGkAbgB0AG8AcwBoACAASABEABIAuFVzZXJzL2Rhdmlka2FyYXBldHlhbi9Eb2N1bWVudHMvTWF0aC9QYXBlcnMvQ29uc3RhbnRpbl9FeGlzdGVuY2Ugb2YgcGVybWFuZW50IGFuZCBicmVha2luZyB3YXZlcyBmb3IgYSBzaGFsbG93IHdhdGVyIGVxdWF0aW9uIGEgZ2VvbWV0cmljIGFwcHJvYWNoX0Fubi4gSW5zdC4gRm91cmllciAoR3Jlbm9ibGUpXzAwYi5wZGYAEwABLwAAFQACABb//wAAgAXSHB0eH1gkY2xhc3Nlc1okY2xhc3NuYW1lox8gIV1OU011dGFibGVEYXRhVk5TRGF0YVhOU09iamVjdF8Qli4uL1BhcGVycy9Db25zdGFudGluX0V4aXN0ZW5jZSBvZiBwZXJtYW5lbnQgYW5kIGJyZWFraW5nIHdhdmVzIGZvciBhIHNoYWxsb3cgd2F0ZXIgZXF1YXRpb24gYSBnZW9tZXRyaWMgYXBwcm9hY2hfQW5uLiBJbnN0LiBGb3VyaWVyIChHcmVub2JsZSlfMDBiLnBkZtIcHSQloiUhXE5TRGljdGlvbmFyeRIAAYagXxAPTlNLZXllZEFyY2hpdmVyAAgAEQAWAB8AKAAyADUAOgA8AEUASwBSAF0AZQBsAG8AcQBzAHYAeAB6AHwAhgCTAJgAoAPYA9oD3wPoA/MD9wQFBAwEFQSuBLMEtgTDBMgAAAAAAAACAQAAAAAAAAAoAAAAAAAAAAAAAAAAAAAE2g==},
	Bdsk-Url-1 = {http://www.ams.org.proxy.library.nd.edu/mathscinet-getitem?mr=1775353}}

@article{Souganidis_1990_Instability-of-,
	Author = {Souganidis, P. E. and Strauss, W. A.},
	Coden = {PEAMDU},
	Date-Added = {2009-10-19 15:18:58 -0400},
	Date-Modified = {2009-10-19 15:19:11 -0400},
	Fjournal = {Proceedings of the Royal Society of Edinburgh. Section A. Mathematics},
	Issn = {0308-2105},
	Journal = {Proc. Roy. Soc. Edinburgh Sect. A},
	Mrclass = {35Q53 (35B35 76E30)},
	Mrnumber = {MR1055544 (92a:35143)},
	Mrreviewer = {John Albert},
	Number = {3-4},
	Pages = {195--212},
	Title = {Instability of a class of dispersive solitary waves},
	Volume = {114},
	Year = {1990},
	Bdsk-Url-1 = {http://www.ams.org.proxy.library.nd.edu/mathscinet-getitem?mr=1055544}}

@article{Bona_1985_Numerical-schem,
	Author = {Bona, J. L. and Pritchard, W. G. and Scott, L. R.},
	Coden = {JCTPAH},
	Date-Added = {2009-10-19 14:56:11 -0400},
	Date-Modified = {2009-10-19 14:56:23 -0400},
	Fjournal = {Journal of Computational Physics},
	Issn = {0021-9991},
	Journal = {J. Comput. Phys.},
	Mrclass = {65M05 (76-08 76B15)},
	Mrnumber = {MR805869},
	Number = {2},
	Pages = {167--186},
	Title = {Numerical schemes for a model for nonlinear dispersive waves},
	Volume = {60},
	Year = {1985},
	Bdsk-File-1 = {YnBsaXN0MDDUAQIDBAUIJidUJHRvcFgkb2JqZWN0c1gkdmVyc2lvblkkYXJjaGl2ZXLRBgdUcm9vdIABqAkKFRYXGyIjVSRudWxs0wsMDQ4RFFpOUy5vYmplY3RzV05TLmtleXNWJGNsYXNzog8QgASABqISE4ACgAOAB1lhbGlhc0RhdGFccmVsYXRpdmVQYXRo0hgNGRpXTlMuZGF0YU8RAp4AAAAAAp4AAgAADE1hY2ludG9zaCBIRAAAAAAAAAAAAAAAAAAAAMfOW6BIKwAAABBS7h9Cb25hX051bWVyaWNhbCBzY2hlbSMxMDUyRjUucGRmAAAAAAAAAAAAAAAAAAAAAAAAAAAAAAAAAAAAAAAAAAAAEFL1xx4UnwAAAAAAAAAAAAEAAgAACSAAAAAAAAAAAAAAAAAAAAAGUGFwZXJzABAACAAAx86T4AAAABEACAAAxx5a7wAAAAEAFAAQUu4AEFLsAA/YDgAP0EUAD9AXAAIAWE1hY2ludG9zaCBIRDpVc2VyczpkYXZpZGthcmFwZXR5YW46RG9jdW1lbnRzOk1hdGg6UGFwZXJzOkJvbmFfTnVtZXJpY2FsIHNjaGVtIzEwNTJGNS5wZGYADgC2AFoAQgBvAG4AYQBfAE4AdQBtAGUAcgBpAGMAYQBsACAAcwBjAGgAZQBtAGUAcwAgAGYAbwByACAAYQAgAG0AbwBkAGUAbAAgAGYAbwByACAAbgBvAG4AbABpAG4AZQBhAHIAIABkAGkAcwBwAGUAcgBzAGkAdgBlACAAdwBhAHYAZQBzAF8ASgAuACAAQwBvAG0AcAB1AHQALgAgAFAAaAB5AHMALgBfADgANQBhAC4AcABkAGYADwAaAAwATQBhAGMAaQBuAHQAbwBzAGgAIABIAEQAEgCGVXNlcnMvZGF2aWRrYXJhcGV0eWFuL0RvY3VtZW50cy9NYXRoL1BhcGVycy9Cb25hX051bWVyaWNhbCBzY2hlbWVzIGZvciBhIG1vZGVsIGZvciBub25saW5lYXIgZGlzcGVyc2l2ZSB3YXZlc19KLiBDb21wdXQuIFBoeXMuXzg1YS5wZGYAEwABLwAAFQACABb//wAAgAXSHB0eH1gkY2xhc3Nlc1okY2xhc3NuYW1lox8gIV1OU011dGFibGVEYXRhVk5TRGF0YVhOU09iamVjdF8QZC4uL1BhcGVycy9Cb25hX051bWVyaWNhbCBzY2hlbWVzIGZvciBhIG1vZGVsIGZvciBub25saW5lYXIgZGlzcGVyc2l2ZSB3YXZlc19KLiBDb21wdXQuIFBoeXMuXzg1YS5wZGbSHB0kJaIlIVxOU0RpY3Rpb25hcnkSAAGGoF8QD05TS2V5ZWRBcmNoaXZlcgAIABEAFgAfACgAMgA1ADoAPABFAEsAUgBdAGUAbABvAHEAcwB2AHgAegB8AIYAkwCYAKADQgNEA0kDUgNdA2EDbwN2A38D5gPrA+4D+wQAAAAAAAAAAgEAAAAAAAAAKAAAAAAAAAAAAAAAAAAABBI=},
	Bdsk-Url-1 = {http://www.ams.org.proxy.library.nd.edu/mathscinet-getitem?mr=805869}}

@article{Bona_1981_An-evaluation-o,
	Author = {Bona, J. L. and Pritchard, W. G. and Scott, L. R.},
	Coden = {PTRMAD},
	Date-Added = {2009-10-19 14:53:15 -0400},
	Date-Modified = {2009-10-19 14:55:35 -0400},
	Fjournal = {Philosophical Transactions of the Royal Society of London. Series A. Mathematical and Physical Sciences},
	Issn = {0080-4614},
	Journal = {Philos. Trans. Roy. Soc. London Ser. A},
	Mrclass = {35Q20 (65M10 76B15)},
	Mrnumber = {MR633485 (83a:35088)},
	Mrreviewer = {Alberto Valli},
	Number = {1471},
	Pages = {457--510},
	Title = {An evaluation of a model equation for water waves},
	Volume = {302},
	Year = {1981},
	Bdsk-File-1 = {YnBsaXN0MDDUAQIDBAUIJidUJHRvcFgkb2JqZWN0c1gkdmVyc2lvblkkYXJjaGl2ZXLRBgdUcm9vdIABqAkKFRYXGyIjVSRudWxs0wsMDQ4RFFpOUy5vYmplY3RzV05TLmtleXNWJGNsYXNzog8QgASABqISE4ACgAOAB1lhbGlhc0RhdGFccmVsYXRpdmVQYXRo0hgNGRpXTlMuZGF0YU8RAsAAAAAAAsAAAgAADE1hY2ludG9zaCBIRAAAAAAAAAAAAAAAAAAAAMfOW6BIKwAAABBS7h9Cb25hX0FuIGV2YWx1YXRpb24gbyMxMDUyRjQucGRmAAAAAAAAAAAAAAAAAAAAAAAAAAAAAAAAAAAAAAAAAAAAEFL0xwIuXgAAAAAAAAAAAAEAAgAACSAAAAAAAAAAAAAAAAAAAAAGUGFwZXJzABAACAAAx86T4AAAABEACAAAxwJmngAAAAEAFAAQUu4AEFLsAA/YDgAP0EUAD9AXAAIAWE1hY2ludG9zaCBIRDpVc2VyczpkYXZpZGthcmFwZXR5YW46RG9jdW1lbnRzOk1hdGg6UGFwZXJzOkJvbmFfQW4gZXZhbHVhdGlvbiBvIzEwNTJGNC5wZGYADgDMAGUAQgBvAG4AYQBfAEEAbgAgAGUAdgBhAGwAdQBhAHQAaQBvAG4AIABvAGYAIABhACAAbQBvAGQAZQBsACAAZQBxAHUAYQB0AGkAbwBuACAAZgBvAHIAIAB3AGEAdABlAHIAIAB3AGEAdgBlAHMAXwBQAGgAaQBsAG8AcwAuACAAVAByAGEAbgBzAC4AIABSAG8AeQAuACAAUwBvAGMALgAgAEwAbwBuAGQAbwBuACAAUwBlAHIALgAgAEEAXwA4ADEAYQAuAHAAZABmAA8AGgAMAE0AYQBjAGkAbgB0AG8AcwBoACAASABEABIAkVVzZXJzL2Rhdmlka2FyYXBldHlhbi9Eb2N1bWVudHMvTWF0aC9QYXBlcnMvQm9uYV9BbiBldmFsdWF0aW9uIG9mIGEgbW9kZWwgZXF1YXRpb24gZm9yIHdhdGVyIHdhdmVzX1BoaWxvcy4gVHJhbnMuIFJveS4gU29jLiBMb25kb24gU2VyLiBBXzgxYS5wZGYAABMAAS8AABUAAgAW//8AAIAF0hwdHh9YJGNsYXNzZXNaJGNsYXNzbmFtZaMfICFdTlNNdXRhYmxlRGF0YVZOU0RhdGFYTlNPYmplY3RfEG8uLi9QYXBlcnMvQm9uYV9BbiBldmFsdWF0aW9uIG9mIGEgbW9kZWwgZXF1YXRpb24gZm9yIHdhdGVyIHdhdmVzX1BoaWxvcy4gVHJhbnMuIFJveS4gU29jLiBMb25kb24gU2VyLiBBXzgxYS5wZGbSHB0kJaIlIVxOU0RpY3Rpb25hcnkSAAGGoF8QD05TS2V5ZWRBcmNoaXZlcgAIABEAFgAfACgAMgA1ADoAPABFAEsAUgBdAGUAbABvAHEAcwB2AHgAegB8AIYAkwCYAKADZANmA2sDdAN/A4MDkQOYA6EEEwQYBBsEKAQtAAAAAAAAAgEAAAAAAAAAKAAAAAAAAAAAAAAAAAAABD8=},
	Bdsk-Url-1 = {http://www.ams.org.proxy.library.nd.edu/mathscinet-getitem?mr=633485}}

@article{Benjamin_1972_Model-equations,
	Author = {Benjamin, T. B. and Bona, J. L. and Mahony, J. J.},
	Date-Added = {2009-10-19 14:43:24 -0400},
	Date-Modified = {2009-10-19 14:48:12 -0400},
	Fjournal = {Philosophical Transactions of the Royal Society of London. Series A. Mathematical and Physical Sciences},
	Issn = {0080-4614},
	Journal = {Philos. Trans. Roy. Soc. London Ser. A},
	Mrclass = {35Q99},
	Mrnumber = {MR0427868 (55 \#898)},
	Mrreviewer = {Ronald DiPerna},
	Number = {1220},
	Pages = {47--78},
	Title = {Model equations for long waves in nonlinear dispersive systems},
	Volume = {272},
	Year = {1972},
	Bdsk-File-1 = {YnBsaXN0MDDUAQIDBAUIJidUJHRvcFgkb2JqZWN0c1gkdmVyc2lvblkkYXJjaGl2ZXLRBgdUcm9vdIABqAkKFRYXGyIjVSRudWxs0wsMDQ4RFFpOUy5vYmplY3RzV05TLmtleXNWJGNsYXNzog8QgASABqISE4ACgAOAB1lhbGlhc0RhdGFccmVsYXRpdmVQYXRo0hgNGRpXTlMuZGF0YU8RAvIAAAAAAvIAAgAADE1hY2ludG9zaCBIRAAAAAAAAAAAAAAAAAAAAMfOW6BIKwAAABBS7h9CZW5qYW1pbl9Nb2RlbCBlcXVhdCMxMDUyRjMucGRmAAAAAAAAAAAAAAAAAAAAAAAAAAAAAAAAAAAAAAAAAAAAEFLzxw0kbwAAAAAAAAAAAAEAAgAACSAAAAAAAAAAAAAAAAAAAAAGUGFwZXJzABAACAAAx86T4AAAABEACAAAxw1crwAAAAEAFAAQUu4AEFLsAA/YDgAP0EUAD9AXAAIAWE1hY2ludG9zaCBIRDpVc2VyczpkYXZpZGthcmFwZXR5YW46RG9jdW1lbnRzOk1hdGg6UGFwZXJzOkJlbmphbWluX01vZGVsIGVxdWF0IzEwNTJGMy5wZGYADgDuAHYAQgBlAG4AagBhAG0AaQBuAF8ATQBvAGQAZQBsACAAZQBxAHUAYQB0AGkAbwBuAHMAIABmAG8AcgAgAGwAbwBuAGcAIAB3AGEAdgBlAHMAIABpAG4AIABuAG8AbgBsAGkAbgBlAGEAcgAgAGQAaQBzAHAAZQByAHMAaQB2AGUAIABzAHkAcwB0AGUAbQBzAF8AUABoAGkAbABvAHMALgAgAFQAcgBhAG4AcwAuACAAUgBvAHkALgAgAFMAbwBjAC4AIABMAG8AbgBkAG8AbgAgAFMAZQByAC4AIABBAF8ANwAyAGMALgBwAGQAZgAPABoADABNAGEAYwBpAG4AdABvAHMAaAAgAEgARAASAKJVc2Vycy9kYXZpZGthcmFwZXR5YW4vRG9jdW1lbnRzL01hdGgvUGFwZXJzL0JlbmphbWluX01vZGVsIGVxdWF0aW9ucyBmb3IgbG9uZyB3YXZlcyBpbiBub25saW5lYXIgZGlzcGVyc2l2ZSBzeXN0ZW1zX1BoaWxvcy4gVHJhbnMuIFJveS4gU29jLiBMb25kb24gU2VyLiBBXzcyYy5wZGYAEwABLwAAFQACABb//wAAgAXSHB0eH1gkY2xhc3Nlc1okY2xhc3NuYW1lox8gIV1OU011dGFibGVEYXRhVk5TRGF0YVhOU09iamVjdF8QgC4uL1BhcGVycy9CZW5qYW1pbl9Nb2RlbCBlcXVhdGlvbnMgZm9yIGxvbmcgd2F2ZXMgaW4gbm9ubGluZWFyIGRpc3BlcnNpdmUgc3lzdGVtc19QaGlsb3MuIFRyYW5zLiBSb3kuIFNvYy4gTG9uZG9uIFNlci4gQV83MmMucGRm0hwdJCWiJSFcTlNEaWN0aW9uYXJ5EgABhqBfEA9OU0tleWVkQXJjaGl2ZXIACAARABYAHwAoADIANQA6ADwARQBLAFIAXQBlAGwAbwBxAHMAdgB4AHoAfACGAJMAmACgA5YDmAOdA6YDsQO1A8MDygPTBFYEWwReBGsEcAAAAAAAAAIBAAAAAAAAACgAAAAAAAAAAAAAAAAAAASC},
	Bdsk-Url-1 = {http://www.ams.org.proxy.library.nd.edu/mathscinet-getitem?mr=0427868}}

@article{Xie_2007_Peakons-in-a-ge,
	Author = {Xie, Shaolong and Wang, Lin and Rui, Weiguo},
	Date-Added = {2009-10-19 13:46:34 -0400},
	Date-Modified = {2009-10-19 13:46:42 -0400},
	Fjournal = {International Journal of Mathematical Sciences},
	Issn = {0972-754X},
	Journal = {Int. J. Math. Sci.},
	Mrclass = {35Q53 (35Q51 37K40 37N15 74B20)},
	Mrnumber = {MR2474136},
	Number = {2},
	Pages = {253--261},
	Title = {Peakons in a generalized compressible elastic rod wave equation},
	Volume = {6},
	Year = {2007},
	Bdsk-Url-1 = {http://www.ams.org.proxy.library.nd.edu/mathscinet-getitem?mr=2474136}}

@article{Lenells_2005_Traveling-wave-,
	Author = {Lenells, Jonatan},
	Coden = {JDEQAK},
	Date-Added = {2009-10-19 13:35:33 -0400},
	Date-Modified = {2009-10-19 13:36:18 -0400},
	Fjournal = {Journal of Differential Equations},
	Issn = {0022-0396},
	Journal = {J. Differential Equations},
	Mrclass = {35Q53 (35C05 35Q51 37K10)},
	Mrnumber = {MR2168830 (2007k:35417)},
	Mrreviewer = {Jan L. Cie{{\'s}}li{{\'n}}ski},
	Number = {2},
	Pages = {393--430},
	Title = {Traveling wave solutions of the {C}amassa-{H}olm equation},
	Volume = {217},
	Year = {2005},
	Bdsk-File-1 = {YnBsaXN0MDDUAQIDBAUIJidUJHRvcFgkb2JqZWN0c1gkdmVyc2lvblkkYXJjaGl2ZXLRBgdUcm9vdIABqAkKFRYXGyIjVSRudWxs0wsMDQ4RFFpOUy5vYmplY3RzV05TLmtleXNWJGNsYXNzog8QgASABqISE4ACgAOAB1lhbGlhc0RhdGFccmVsYXRpdmVQYXRo0hgNGRpXTlMuZGF0YU8RAq4AAAAAAq4AAgAADE1hY2ludG9zaCBIRAAAAAAAAAAAAAAAAAAAAMfOW6BIKwAAABBS7h9MZW5lbGxzX1RyYXZlbGluZyB3YSMxMDUzMjYucGRmAAAAAAAAAAAAAAAAAAAAAAAAAAAAAAAAAAAAAAAAAAAAEFMmxwIbxQAAAAAAAAAAAAEAAgAACSAAAAAAAAAAAAAAAAAAAAAGUGFwZXJzABAACAAAx86T4AAAABEACAAAxwJUBQAAAAEAFAAQUu4AEFLsAA/YDgAP0EUAD9AXAAIAWE1hY2ludG9zaCBIRDpVc2VyczpkYXZpZGthcmFwZXR5YW46RG9jdW1lbnRzOk1hdGg6UGFwZXJzOkxlbmVsbHNfVHJhdmVsaW5nIHdhIzEwNTMyNi5wZGYADgDAAF8ATABlAG4AZQBsAGwAcwBfAFQAcgBhAHYAZQBsAGkAbgBnACAAdwBhAHYAZQAgAHMAbwBsAHUAdABpAG8AbgBzACAAbwBmACAAdABoAGUAIABDAGEAbQBhAHMAcwBhAC0ASABvAGwAbQAgAGUAcQB1AGEAdABpAG8AbgBfAEoALgAgAEQAaQBmAGYAZQByAGUAbgB0AGkAYQBsACAARQBxAHUAYQB0AGkAbwBuAHMAXwAwADUAYQAuAHAAZABmAA8AGgAMAE0AYQBjAGkAbgB0AG8AcwBoACAASABEABIAi1VzZXJzL2Rhdmlka2FyYXBldHlhbi9Eb2N1bWVudHMvTWF0aC9QYXBlcnMvTGVuZWxsc19UcmF2ZWxpbmcgd2F2ZSBzb2x1dGlvbnMgb2YgdGhlIENhbWFzc2EtSG9sbSBlcXVhdGlvbl9KLiBEaWZmZXJlbnRpYWwgRXF1YXRpb25zXzA1YS5wZGYAABMAAS8AABUAAgAW//8AAIAF0hwdHh9YJGNsYXNzZXNaJGNsYXNzbmFtZaMfICFdTlNNdXRhYmxlRGF0YVZOU0RhdGFYTlNPYmplY3RfEGkuLi9QYXBlcnMvTGVuZWxsc19UcmF2ZWxpbmcgd2F2ZSBzb2x1dGlvbnMgb2YgdGhlIENhbWFzc2EtSG9sbSBlcXVhdGlvbl9KLiBEaWZmZXJlbnRpYWwgRXF1YXRpb25zXzA1YS5wZGbSHB0kJaIlIVxOU0RpY3Rpb25hcnkSAAGGoF8QD05TS2V5ZWRBcmNoaXZlcgAIABEAFgAfACgAMgA1ADoAPABFAEsAUgBdAGUAbABvAHEAcwB2AHgAegB8AIYAkwCYAKADUgNUA1kDYgNtA3EDfwOGA48D+wQABAMEEAQVAAAAAAAAAgEAAAAAAAAAKAAAAAAAAAAAAAAAAAAABCc=},
	Bdsk-Url-1 = {http://www.ams.org.proxy.library.nd.edu/mathscinet-getitem?mr=2168830}}

@article{Lenells_2006_Traveling-waves,
	Author = {Lenells, Jonatan},
	Date-Added = {2009-10-16 15:27:22 -0400},
	Date-Modified = {2009-10-16 15:27:37 -0400},
	Fjournal = {Discrete and Continuous Dynamical Systems. Series B. A Journal Bridging Mathematics and Sciences},
	Issn = {1531-3492},
	Journal = {Discrete Contin. Dyn. Syst. Ser. B},
	Mrclass = {35Q53 (35C05 74B20 74J30 74K10)},
	Mrnumber = {MR2172200 (2006d:35232)},
	Number = {1},
	Pages = {151--167 (electronic)},
	Title = {Traveling waves in compressible elastic rods},
	Volume = {6},
	Year = {2006},
	Bdsk-File-1 = {YnBsaXN0MDDUAQIDBAUIJidUJHRvcFgkb2JqZWN0c1gkdmVyc2lvblkkYXJjaGl2ZXLRBgdUcm9vdIABqAkKFRYXGyIjVSRudWxs0wsMDQ4RFFpOUy5vYmplY3RzV05TLmtleXNWJGNsYXNzog8QgASABqISE4ACgAOAB1lhbGlhc0RhdGFccmVsYXRpdmVQYXRo0hgNGRpXTlMuZGF0YU8RAq4AAAAAAq4AAgAADE1hY2ludG9zaCBIRAAAAAAAAAAAAAAAAAAAAMfOW6BIKwAAABBS7h9MZW5lbGxzX1RyYXZlbGluZyB3YSMxMDUzMjkucGRmAAAAAAAAAAAAAAAAAAAAAAAAAAAAAAAAAAAAAAAAAAAAEFMpxv5R4gAAAAAAAAAAAAEAAgAACSAAAAAAAAAAAAAAAAAAAAAGUGFwZXJzABAACAAAx86T4AAAABEACAAAxv6KIgAAAAEAFAAQUu4AEFLsAA/YDgAP0EUAD9AXAAIAWE1hY2ludG9zaCBIRDpVc2VyczpkYXZpZGthcmFwZXR5YW46RG9jdW1lbnRzOk1hdGg6UGFwZXJzOkxlbmVsbHNfVHJhdmVsaW5nIHdhIzEwNTMyOS5wZGYADgDAAF8ATABlAG4AZQBsAGwAcwBfAFQAcgBhAHYAZQBsAGkAbgBnACAAdwBhAHYAZQBzACAAaQBuACAAYwBvAG0AcAByAGUAcwBzAGkAYgBsAGUAIABlAGwAYQBzAHQAaQBjACAAcgBvAGQAcwBfAEQAaQBzAGMAcgBlAHQAZQAgAEMAbwBuAHQAaQBuAC4AIABEAHkAbgAuACAAUwB5AHMAdAAuACAAUwBlAHIALgAgAEIAXwAwADYAYwAuAHAAZABmAA8AGgAMAE0AYQBjAGkAbgB0AG8AcwBoACAASABEABIAi1VzZXJzL2Rhdmlka2FyYXBldHlhbi9Eb2N1bWVudHMvTWF0aC9QYXBlcnMvTGVuZWxsc19UcmF2ZWxpbmcgd2F2ZXMgaW4gY29tcHJlc3NpYmxlIGVsYXN0aWMgcm9kc19EaXNjcmV0ZSBDb250aW4uIER5bi4gU3lzdC4gU2VyLiBCXzA2Yy5wZGYAABMAAS8AABUAAgAW//8AAIAF0hwdHh9YJGNsYXNzZXNaJGNsYXNzbmFtZaMfICFdTlNNdXRhYmxlRGF0YVZOU0RhdGFYTlNPYmplY3RfEGkuLi9QYXBlcnMvTGVuZWxsc19UcmF2ZWxpbmcgd2F2ZXMgaW4gY29tcHJlc3NpYmxlIGVsYXN0aWMgcm9kc19EaXNjcmV0ZSBDb250aW4uIER5bi4gU3lzdC4gU2VyLiBCXzA2Yy5wZGbSHB0kJaIlIVxOU0RpY3Rpb25hcnkSAAGGoF8QD05TS2V5ZWRBcmNoaXZlcgAIABEAFgAfACgAMgA1ADoAPABFAEsAUgBdAGUAbABvAHEAcwB2AHgAegB8AIYAkwCYAKADUgNUA1kDYgNtA3EDfwOGA48D+wQABAMEEAQVAAAAAAAAAgEAAAAAAAAAKAAAAAAAAAAAAAAAAAAABCc=},
	Bdsk-Url-1 = {http://ams.org/mathscinet-getitem?mr=2172200}}

@article{Himonas_2009_Non-uniform-dep-per,
	Author = {Himonas, Alex and Kenig, Carlos E. and Misio{\l}ek, G.},
	Date-Added = {2009-10-16 13:09:35 -0400},
	Date-Modified = {2009-10-28 16:53:34 -0400},
	Journal = {To appear in Communications in Partial Differential Equations},
	Title = {Non-uniform dependence for the periodic CH equation.},
	Year = {2009}}

@article{Constantin_1998_Global-existenc,
	Author = {Constantin, Adrian and Escher, Joachim},
	Coden = {PSNAAI},
	Date-Added = {2009-10-15 15:16:32 -0400},
	Date-Modified = {2009-10-15 15:23:14 -0400},
	Fjournal = {Annali della Scuola Normale Superiore di Pisa. Classe di Scienze. Serie IV},
	Issn = {0391-173X},
	Journal = {Ann. Scuola Norm. Sup. Pisa Cl. Sci. (4)},
	Mrclass = {35Q53 (35B40 76B15)},
	Mrnumber = {MR1631589 (99m:35202)},
	Mrreviewer = {Darryl D. Holm},
	Number = {2},
	Pages = {303--328},
	Title = {Global existence and blow-up for a shallow water equation},
	Volume = {26},
	Year = {1998},
	Bdsk-File-1 = {YnBsaXN0MDDUAQIDBAUIJidUJHRvcFgkb2JqZWN0c1gkdmVyc2lvblkkYXJjaGl2ZXLRBgdUcm9vdIABqAkKFRYXGyIjVSRudWxs0wsMDQ4RFFpOUy5vYmplY3RzV05TLmtleXNWJGNsYXNzog8QgASABqISE4ACgAOAB1lhbGlhc0RhdGFccmVsYXRpdmVQYXRo0hgNGRpXTlMuZGF0YU8RAvAAAAAAAvAAAgAADE1hY2ludG9zaCBIRAAAAAAAAAAAAAAAAAAAAMfOW6BIKwAAABBS7h9Db25zdGFudGluX0dsb2JhbCBleCMxMDUzMDkucGRmAAAAAAAAAAAAAAAAAAAAAAAAAAAAAAAAAAAAAAAAAAAAEFMJxvzuzwAAAAAAAAAAAAEAAgAACSAAAAAAAAAAAAAAAAAAAAAGUGFwZXJzABAACAAAx86T4AAAABEACAAAxv0nDwAAAAEAFAAQUu4AEFLsAA/YDgAP0EUAD9AXAAIAWE1hY2ludG9zaCBIRDpVc2VyczpkYXZpZGthcmFwZXR5YW46RG9jdW1lbnRzOk1hdGg6UGFwZXJzOkNvbnN0YW50aW5fR2xvYmFsIGV4IzEwNTMwOS5wZGYADgDsAHUAQwBvAG4AcwB0AGEAbgB0AGkAbgBfAEcAbABvAGIAYQBsACAAZQB4AGkAcwB0AGUAbgBjAGUAIABhAG4AZAAgAGIAbABvAHcALQB1AHAAIABmAG8AcgAgAGEAIABzAGgAYQBsAGwAbwB3ACAAdwBhAHQAZQByACAAZQBxAHUAYQB0AGkAbwBuAF8AQQBuAG4ALgAgAFMAYwB1AG8AbABhACAATgBvAHIAbQAuACAAUwB1AHAALgAgAFAAaQBzAGEAIABDAGwALgAgAFMAYwBpAC4AIAAoADQAKQBfADkAOABhAC4AcABkAGYADwAaAAwATQBhAGMAaQBuAHQAbwBzAGgAIABIAEQAEgChVXNlcnMvZGF2aWRrYXJhcGV0eWFuL0RvY3VtZW50cy9NYXRoL1BhcGVycy9Db25zdGFudGluX0dsb2JhbCBleGlzdGVuY2UgYW5kIGJsb3ctdXAgZm9yIGEgc2hhbGxvdyB3YXRlciBlcXVhdGlvbl9Bbm4uIFNjdW9sYSBOb3JtLiBTdXAuIFBpc2EgQ2wuIFNjaS4gKDQpXzk4YS5wZGYAABMAAS8AABUAAgAW//8AAIAF0hwdHh9YJGNsYXNzZXNaJGNsYXNzbmFtZaMfICFdTlNNdXRhYmxlRGF0YVZOU0RhdGFYTlNPYmplY3RfEH8uLi9QYXBlcnMvQ29uc3RhbnRpbl9HbG9iYWwgZXhpc3RlbmNlIGFuZCBibG93LXVwIGZvciBhIHNoYWxsb3cgd2F0ZXIgZXF1YXRpb25fQW5uLiBTY3VvbGEgTm9ybS4gU3VwLiBQaXNhIENsLiBTY2kuICg0KV85OGEucGRm0hwdJCWiJSFcTlNEaWN0aW9uYXJ5EgABhqBfEA9OU0tleWVkQXJjaGl2ZXIACAARABYAHwAoADIANQA6ADwARQBLAFIAXQBlAGwAbwBxAHMAdgB4AHoAfACGAJMAmACgA5QDlgObA6QDrwOzA8EDyAPRBFMEWARbBGgEbQAAAAAAAAIBAAAAAAAAACgAAAAAAAAAAAAAAAAAAAR/},
	Bdsk-Url-1 = {http://ams.org/mathscinet-getitem?mr=1631589}}

@article{Danchin_2001_A-few-remarks-o,
	Author = {Danchin, Rapha{{\"e}}l},
	Date-Added = {2009-10-15 15:07:06 -0400},
	Date-Modified = {2009-10-15 15:12:30 -0400},
	Fjournal = {Differential and Integral Equations. An International Journal for Theory \& Applications},
	Issn = {0893-4983},
	Journal = {Differential Integral Equations},
	Mrclass = {35Q53 (35B30 35B40 35G25 76B03 76B15)},
	Mrnumber = {MR1827098 (2002e:35204)},
	Mrreviewer = {Kenji Nakanishi},
	Number = {8},
	Pages = {953--988},
	Title = {A few remarks on the {C}amassa-{H}olm equation},
	Volume = {14},
	Year = {2001},
	Bdsk-Url-1 = {http://ams.org/mathscinet-getitem?mr=1827098}}

@article{Camassa_1993_An-integrable-s,
	Author = {Camassa, Roberto and Holm, Darryl D.},
	Coden = {PRLTAO},
	Date-Added = {2009-10-15 14:54:56 -0400},
	Date-Modified = {2009-10-15 15:02:09 -0400},
	Fjournal = {Physical Review Letters},
	Issn = {0031-9007},
	Journal = {Phys. Rev. Lett.},
	Mrclass = {35Q51 (58F07 76B15 76B25)},
	Mrnumber = {MR1234453 (94f:35121)},
	Number = {11},
	Pages = {1661--1664},
	Title = {An integrable shallow water equation with peaked solitons},
	Volume = {71},
	Year = {1993},
	Bdsk-File-1 = {YnBsaXN0MDDUAQIDBAUIJidUJHRvcFgkb2JqZWN0c1gkdmVyc2lvblkkYXJjaGl2ZXLRBgdUcm9vdIABqAkKFRYXGyIjVSRudWxs0wsMDQ4RFFpOUy5vYmplY3RzV05TLmtleXNWJGNsYXNzog8QgASABqISE4ACgAOAB1lhbGlhc0RhdGFccmVsYXRpdmVQYXRo0hgNGRpXTlMuZGF0YU8RAp4AAAAAAp4AAgAADE1hY2ludG9zaCBIRAAAAAAAAAAAAAAAAAAAAMfOW6BIKwAAABBS7h9DYW1hc3NhX0FuIGludGVncmFibCMxMDUyRkMucGRmAAAAAAAAAAAAAAAAAAAAAAAAAAAAAAAAAAAAAAAAAAAAEFL8xvzolQAAAAAAAAAAAAEAAgAACSAAAAAAAAAAAAAAAAAAAAAGUGFwZXJzABAACAAAx86T4AAAABEACAAAxv0g1QAAAAEAFAAQUu4AEFLsAA/YDgAP0EUAD9AXAAIAWE1hY2ludG9zaCBIRDpVc2VyczpkYXZpZGthcmFwZXR5YW46RG9jdW1lbnRzOk1hdGg6UGFwZXJzOkNhbWFzc2FfQW4gaW50ZWdyYWJsIzEwNTJGQy5wZGYADgC2AFoAQwBhAG0AYQBzAHMAYQBfAEEAbgAgAGkAbgB0AGUAZwByAGEAYgBsAGUAIABzAGgAYQBsAGwAbwB3ACAAdwBhAHQAZQByACAAZQBxAHUAYQB0AGkAbwBuACAAdwBpAHQAaAAgAHAAZQBhAGsAZQBkACAAcwBvAGwAaQB0AG8AbgBzAF8AUABoAHkAcwAuACAAUgBlAHYALgAgAEwAZQB0AHQALgBfADkAMwBhAC4AcABkAGYADwAaAAwATQBhAGMAaQBuAHQAbwBzAGgAIABIAEQAEgCGVXNlcnMvZGF2aWRrYXJhcGV0eWFuL0RvY3VtZW50cy9NYXRoL1BhcGVycy9DYW1hc3NhX0FuIGludGVncmFibGUgc2hhbGxvdyB3YXRlciBlcXVhdGlvbiB3aXRoIHBlYWtlZCBzb2xpdG9uc19QaHlzLiBSZXYuIExldHQuXzkzYS5wZGYAEwABLwAAFQACABb//wAAgAXSHB0eH1gkY2xhc3Nlc1okY2xhc3NuYW1lox8gIV1OU011dGFibGVEYXRhVk5TRGF0YVhOU09iamVjdF8QZC4uL1BhcGVycy9DYW1hc3NhX0FuIGludGVncmFibGUgc2hhbGxvdyB3YXRlciBlcXVhdGlvbiB3aXRoIHBlYWtlZCBzb2xpdG9uc19QaHlzLiBSZXYuIExldHQuXzkzYS5wZGbSHB0kJaIlIVxOU0RpY3Rpb25hcnkSAAGGoF8QD05TS2V5ZWRBcmNoaXZlcgAIABEAFgAfACgAMgA1ADoAPABFAEsAUgBdAGUAbABvAHEAcwB2AHgAegB8AIYAkwCYAKADQgNEA0kDUgNdA2EDbwN2A38D5gPrA+4D+wQAAAAAAAAAAgEAAAAAAAAAKAAAAAAAAAAAAAAAAAAABBI=},
	Bdsk-Url-1 = {http://ams.org/mathscinet-getitem?mr=1234453}}

@article{Constantin_2000_Stability-of-pe,
	Author = {Constantin, Adrian and Strauss, Walter A.},
	Coden = {CPAMA},
	Date-Added = {2009-10-12 20:31:53 -0400},
	Date-Modified = {2009-10-12 20:31:59 -0400},
	Fjournal = {Communications on Pure and Applied Mathematics},
	Issn = {0010-3640},
	Journal = {Comm. Pure Appl. Math.},
	Mrclass = {35Q51 (35B35 35Q53 76B15)},
	Mrnumber = {MR1737505 (2001b:35252)},
	Mrreviewer = {Marcel Oliver},
	Number = {5},
	Pages = {603--610},
	Title = {Stability of peakons},
	Volume = {53},
	Year = {2000},
	Bdsk-File-1 = {YnBsaXN0MDDUAQIDBAUIJidUJHRvcFgkb2JqZWN0c1gkdmVyc2lvblkkYXJjaGl2ZXLRBgdUcm9vdIABqAkKFRYXGyIjVSRudWxs0wsMDQ4RFFpOUy5vYmplY3RzV05TLmtleXNWJGNsYXNzog8QgASABqISE4ACgAOAB1lhbGlhc0RhdGFccmVsYXRpdmVQYXRo0hgNGRpXTlMuZGF0YU8RAkoAAAAAAkoAAgAADE1hY2ludG9zaCBIRAAAAAAAAAAAAAAAAAAAAMfOW6BIKwAAABBS7h9Db25zdGFudGluX1N0YWJpbGl0eSMxMDUzMEMucGRmAAAAAAAAAAAAAAAAAAAAAAAAAAAAAAAAAAAAAAAAAAAAEFMMxvlDegAAAAAAAAAAAAEAAgAACSAAAAAAAAAAAAAAAAAAAAAGUGFwZXJzABAACAAAx86T4AAAABEACAAAxvl7ugAAAAEAFAAQUu4AEFLsAA/YDgAP0EUAD9AXAAIAWE1hY2ludG9zaCBIRDpVc2VyczpkYXZpZGthcmFwZXR5YW46RG9jdW1lbnRzOk1hdGg6UGFwZXJzOkNvbnN0YW50aW5fU3RhYmlsaXR5IzEwNTMwQy5wZGYADgB+AD4AQwBvAG4AcwB0AGEAbgB0AGkAbgBfAFMAdABhAGIAaQBsAGkAdAB5ACAAbwBmACAAcABlAGEAawBvAG4AcwBfAEMAbwBtAG0ALgAgAFAAdQByAGUAIABBAHAAcABsAC4AIABNAGEAdABoAC4AXwAwADAAYQAuAHAAZABmAA8AGgAMAE0AYQBjAGkAbgB0AG8AcwBoACAASABEABIAalVzZXJzL2Rhdmlka2FyYXBldHlhbi9Eb2N1bWVudHMvTWF0aC9QYXBlcnMvQ29uc3RhbnRpbl9TdGFiaWxpdHkgb2YgcGVha29uc19Db21tLiBQdXJlIEFwcGwuIE1hdGguXzAwYS5wZGYAEwABLwAAFQACABb//wAAgAXSHB0eH1gkY2xhc3Nlc1okY2xhc3NuYW1lox8gIV1OU011dGFibGVEYXRhVk5TRGF0YVhOU09iamVjdF8QSC4uL1BhcGVycy9Db25zdGFudGluX1N0YWJpbGl0eSBvZiBwZWFrb25zX0NvbW0uIFB1cmUgQXBwbC4gTWF0aC5fMDBhLnBkZtIcHSQloiUhXE5TRGljdGlvbmFyeRIAAYagXxAPTlNLZXllZEFyY2hpdmVyAAgAEQAWAB8AKAAyADUAOgA8AEUASwBSAF0AZQBsAG8AcQBzAHYAeAB6AHwAhgCTAJgAoALuAvAC9QL+AwkDDQMbAyIDKwN2A3sDfgOLA5AAAAAAAAACAQAAAAAAAAAoAAAAAAAAAAAAAAAAAAADog==},
	Bdsk-Url-1 = {http://www.ams.org.proxy.library.nd.edu/mathscinet-getitem?mr=1737505}}

@article{Lellis_2007_Low-regularity-,
	Author = {de Lellis, Camillo and Kappeler, Thomas and Topalov, Peter},
	Coden = {CPDIDZ},
	Date-Added = {2009-10-12 02:55:26 -0400},
	Date-Modified = {2009-10-12 02:56:08 -0400},
	Fjournal = {Communications in Partial Differential Equations},
	Issn = {0360-5302},
	Journal = {Comm. Partial Differential Equations},
	Mrclass = {35Q53 (35B10 35D05 35Q51 76B03 76B15)},
	Mrnumber = {MR2304143 (2007k:35402)},
	Mrreviewer = {Alain Haraux},
	Number = {1-3},
	Pages = {87--126},
	Title = {Low-regularity solutions of the periodic {C}amassa-{H}olm equation},
	Volume = {32},
	Year = {2007},
	Bdsk-File-1 = {YnBsaXN0MDDUAQIDBAUIJidUJHRvcFgkb2JqZWN0c1gkdmVyc2lvblkkYXJjaGl2ZXLRBgdUcm9vdIABqAkKFRYXGyIjVSRudWxs0wsMDQ4RFFpOUy5vYmplY3RzV05TLmtleXNWJGNsYXNzog8QgASABqISE4ACgAOAB1lhbGlhc0RhdGFccmVsYXRpdmVQYXRo0hgNGRpXTlMuZGF0YU8RAuYAAAAAAuYAAgAADE1hY2ludG9zaCBIRAAAAAAAAAAAAAAAAAAAAMfOW6BIKwAAABBS7h9MZWxsaXNfTG93LXJlZ3VsYXJpdCMxMDUzMjUucGRmAAAAAAAAAAAAAAAAAAAAAAAAAAAAAAAAAAAAAAAAAAAAEFMlxvhLOQAAAAAAAAAAAAEAAgAACSAAAAAAAAAAAAAAAAAAAAAGUGFwZXJzABAACAAAx86T4AAAABEACAAAxviDeQAAAAEAFAAQUu4AEFLsAA/YDgAP0EUAD9AXAAIAWE1hY2ludG9zaCBIRDpVc2VyczpkYXZpZGthcmFwZXR5YW46RG9jdW1lbnRzOk1hdGg6UGFwZXJzOkxlbGxpc19Mb3ctcmVndWxhcml0IzEwNTMyNS5wZGYADgDmAHIATABlAGwAbABpAHMAXwBMAG8AdwAtAHIAZQBnAHUAbABhAHIAaQB0AHkAIABzAG8AbAB1AHQAaQBvAG4AcwAgAG8AZgAgAHQAaABlACAAcABlAHIAaQBvAGQAaQBjACAAQwBhAG0AYQBzAHMAYQAtAEgAbwBsAG0AIABlAHEAdQBhAHQAaQBvAG4AXwBDAG8AbQBtAC4AIABQAGEAcgB0AGkAYQBsACAARABpAGYAZgBlAHIAZQBuAHQAaQBhAGwAIABFAHEAdQBhAHQAaQBvAG4AcwBfADAANwBhAC4AcABkAGYADwAaAAwATQBhAGMAaQBuAHQAbwBzAGgAIABIAEQAEgCeVXNlcnMvZGF2aWRrYXJhcGV0eWFuL0RvY3VtZW50cy9NYXRoL1BhcGVycy9MZWxsaXNfTG93LXJlZ3VsYXJpdHkgc29sdXRpb25zIG9mIHRoZSBwZXJpb2RpYyBDYW1hc3NhLUhvbG0gZXF1YXRpb25fQ29tbS4gUGFydGlhbCBEaWZmZXJlbnRpYWwgRXF1YXRpb25zXzA3YS5wZGYAEwABLwAAFQACABb//wAAgAXSHB0eH1gkY2xhc3Nlc1okY2xhc3NuYW1lox8gIV1OU011dGFibGVEYXRhVk5TRGF0YVhOU09iamVjdF8QfC4uL1BhcGVycy9MZWxsaXNfTG93LXJlZ3VsYXJpdHkgc29sdXRpb25zIG9mIHRoZSBwZXJpb2RpYyBDYW1hc3NhLUhvbG0gZXF1YXRpb25fQ29tbS4gUGFydGlhbCBEaWZmZXJlbnRpYWwgRXF1YXRpb25zXzA3YS5wZGbSHB0kJaIlIVxOU0RpY3Rpb25hcnkSAAGGoF8QD05TS2V5ZWRBcmNoaXZlcgAIABEAFgAfACgAMgA1ADoAPABFAEsAUgBdAGUAbABvAHEAcwB2AHgAegB8AIYAkwCYAKADigOMA5EDmgOlA6kDtwO+A8cERgRLBE4EWwRgAAAAAAAAAgEAAAAAAAAAKAAAAAAAAAAAAAAAAAAABHI=},
	Bdsk-Url-1 = {http://www.ams.org.proxy.library.nd.edu/mathscinet-getitem?mr=2304143}}

@article{Danchin_2003_A-note-on-well-,
	Author = {Danchin, Rapha{{\"e}}l},
	Coden = {JDEQAK},
	Date-Added = {2009-10-12 02:08:33 -0400},
	Date-Modified = {2009-10-12 02:10:20 -0400},
	Fjournal = {Journal of Differential Equations},
	Issn = {0022-0396},
	Journal = {J. Differential Equations},
	Mrclass = {35Q53 (35B30 76B03 76B15)},
	Mrnumber = {MR1990847 (2004h:35197)},
	Mrreviewer = {Takayoshi Ogawa},
	Number = {2},
	Pages = {429--444},
	Title = {A note on well-posedness for {C}amassa-{H}olm equation},
	Volume = {192},
	Year = {2003},
	Bdsk-File-1 = {YnBsaXN0MDDUAQIDBAUIJidUJHRvcFgkb2JqZWN0c1gkdmVyc2lvblkkYXJjaGl2ZXLRBgdUcm9vdIABqAkKFRYXGyIjVSRudWxs0wsMDQ4RFFpOUy5vYmplY3RzV05TLmtleXNWJGNsYXNzog8QgASABqISE4ACgAOAB1lhbGlhc0RhdGFccmVsYXRpdmVQYXRo0hgNGRpXTlMuZGF0YU8RAqQAAAAAAqQAAgAADE1hY2ludG9zaCBIRAAAAAAAAAAAAAAAAAAAAMfOW6BIKwAAABBS7h9EYW5jaGluX0Egbm90ZSBvbiB3ZSMxMDUzMTUucGRmAAAAAAAAAAAAAAAAAAAAAAAAAAAAAAAAAAAAAAAAAAAAEFMVxvhAeAAAAAAAAAAAAAEAAgAACSAAAAAAAAAAAAAAAAAAAAAGUGFwZXJzABAACAAAx86T4AAAABEACAAAxvh4uAAAAAEAFAAQUu4AEFLsAA/YDgAP0EUAD9AXAAIAWE1hY2ludG9zaCBIRDpVc2VyczpkYXZpZGthcmFwZXR5YW46RG9jdW1lbnRzOk1hdGg6UGFwZXJzOkRhbmNoaW5fQSBub3RlIG9uIHdlIzEwNTMxNS5wZGYADgC6AFwARABhAG4AYwBoAGkAbgBfAEEAIABuAG8AdABlACAAbwBuACAAdwBlAGwAbAAtAHAAbwBzAGUAZABuAGUAcwBzACAAZgBvAHIAIABDAGEAbQBhAHMAcwBhAC0ASABvAGwAbQAgAGUAcQB1AGEAdABpAG8AbgBfAEoALgAgAEQAaQBmAGYAZQByAGUAbgB0AGkAYQBsACAARQBxAHUAYQB0AGkAbwBuAHMAXwAwADMAYQAuAHAAZABmAA8AGgAMAE0AYQBjAGkAbgB0AG8AcwBoACAASABEABIAiFVzZXJzL2Rhdmlka2FyYXBldHlhbi9Eb2N1bWVudHMvTWF0aC9QYXBlcnMvRGFuY2hpbl9BIG5vdGUgb24gd2VsbC1wb3NlZG5lc3MgZm9yIENhbWFzc2EtSG9sbSBlcXVhdGlvbl9KLiBEaWZmZXJlbnRpYWwgRXF1YXRpb25zXzAzYS5wZGYAEwABLwAAFQACABb//wAAgAXSHB0eH1gkY2xhc3Nlc1okY2xhc3NuYW1lox8gIV1OU011dGFibGVEYXRhVk5TRGF0YVhOU09iamVjdF8QZi4uL1BhcGVycy9EYW5jaGluX0Egbm90ZSBvbiB3ZWxsLXBvc2VkbmVzcyBmb3IgQ2FtYXNzYS1Ib2xtIGVxdWF0aW9uX0ouIERpZmZlcmVudGlhbCBFcXVhdGlvbnNfMDNhLnBkZtIcHSQloiUhXE5TRGljdGlvbmFyeRIAAYagXxAPTlNLZXllZEFyY2hpdmVyAAgAEQAWAB8AKAAyADUAOgA8AEUASwBSAF0AZQBsAG8AcQBzAHYAeAB6AHwAhgCTAJgAoANIA0oDTwNYA2MDZwN1A3wDhQPuA/MD9gQDBAgAAAAAAAACAQAAAAAAAAAoAAAAAAAAAAAAAAAAAAAEGg==},
	Bdsk-Url-1 = {http://www.ams.org.proxy.library.nd.edu/mathscinet-getitem?mr=1990847}}

@article{Rodriguez-Blanco_2001_On-the-Cauchy-p,
	Author = {Rodr{\'{\i}}guez-Blanco, Guillermo},
	Coden = {NOANDD},
	Date-Added = {2009-10-12 01:57:18 -0400},
	Date-Modified = {2009-10-12 02:01:23 -0400},
	Fjournal = {Nonlinear Analysis. Theory, Methods \& Applications. An International Multidisciplinary Journal. Series A: Theory and Methods},
	Issn = {0362-546X},
	Journal = {Nonlinear Anal.},
	Mrclass = {35Q53 (35B30 35B40 35K90)},
	Mrnumber = {MR1851854 (2002i:35172)},
	Mrreviewer = {Muthusamy Vanninathan},
	Number = {3, Ser. A: Theory Methods},
	Pages = {309--327},
	Title = {On the {C}auchy problem for the {C}amassa-{H}olm equation},
	Volume = {46},
	Year = {2001},
	Bdsk-File-1 = {YnBsaXN0MDDUAQIDBAUIJidUJHRvcFgkb2JqZWN0c1gkdmVyc2lvblkkYXJjaGl2ZXLRBgdUcm9vdIABqAkKFRYXGyIjVSRudWxs0wsMDQ4RFFpOUy5vYmplY3RzV05TLmtleXNWJGNsYXNzog8QgASABqISE4ACgAOAB1lhbGlhc0RhdGFccmVsYXRpdmVQYXRo0hgNGRpXTlMuZGF0YU8RAqgAAAAAAqgAAgAADE1hY2ludG9zaCBIRAAAAAAAAAAAAAAAAAAAAMfOW6BIKwAAABBS7h9Sb2RyXGlndWV6LUJsYW5jb19PbiMxMDUzMzMucGRmAAAAAAAAAAAAAAAAAAAAAAAAAAAAAAAAAAAAAAAAAAAAEFMzxvg9vgAAAAAAAAAAAAEAAgAACSAAAAAAAAAAAAAAAAAAAAAGUGFwZXJzABAACAAAx86T4AAAABEACAAAxvh1/gAAAAEAFAAQUu4AEFLsAA/YDgAP0EUAD9AXAAIAWE1hY2ludG9zaCBIRDpVc2VyczpkYXZpZGthcmFwZXR5YW46RG9jdW1lbnRzOk1hdGg6UGFwZXJzOlJvZHJcaWd1ZXotQmxhbmNvX09uIzEwNTMzMy5wZGYADgC8AF0AUgBvAGQAcgBcAGkAZwB1AGUAegAtAEIAbABhAG4AYwBvAF8ATwBuACAAdABoAGUAIABDAGEAdQBjAGgAeQAgAHAAcgBvAGIAbABlAG0AIABmAG8AcgAgAHQAaABlACAAQwBhAG0AYQBzAHMAYQAtAEgAbwBsAG0AIABlAHEAdQBhAHQAaQBvAG4AXwBOAG8AbgBsAGkAbgBlAGEAcgAgAEEAbgBhAGwALgBfADAAMQBhAC4AcABkAGYADwAaAAwATQBhAGMAaQBuAHQAbwBzAGgAIABIAEQAEgCJVXNlcnMvZGF2aWRrYXJhcGV0eWFuL0RvY3VtZW50cy9NYXRoL1BhcGVycy9Sb2RyXGlndWV6LUJsYW5jb19PbiB0aGUgQ2F1Y2h5IHByb2JsZW0gZm9yIHRoZSBDYW1hc3NhLUhvbG0gZXF1YXRpb25fTm9ubGluZWFyIEFuYWwuXzAxYS5wZGYAABMAAS8AABUAAgAW//8AAIAF0hwdHh9YJGNsYXNzZXNaJGNsYXNzbmFtZaMfICFdTlNNdXRhYmxlRGF0YVZOU0RhdGFYTlNPYmplY3RfEGcuLi9QYXBlcnMvUm9kclxpZ3Vlei1CbGFuY29fT24gdGhlIENhdWNoeSBwcm9ibGVtIGZvciB0aGUgQ2FtYXNzYS1Ib2xtIGVxdWF0aW9uX05vbmxpbmVhciBBbmFsLl8wMWEucGRm0hwdJCWiJSFcTlNEaWN0aW9uYXJ5EgABhqBfEA9OU0tleWVkQXJjaGl2ZXIACAARABYAHwAoADIANQA6ADwARQBLAFIAXQBlAGwAbwBxAHMAdgB4AHoAfACGAJMAmACgA0wDTgNTA1wDZwNrA3kDgAOJA/MD+AP7BAgEDQAAAAAAAAIBAAAAAAAAACgAAAAAAAAAAAAAAAAAAAQf},
	Bdsk-Url-1 = {http://www.ams.org.proxy.library.nd.edu/mathscinet-getitem?mr=1851854}}

@book{Folland_1999_Real-analysis,
	Address = {New York},
	Author = {Folland, Gerald B.},
	Date-Added = {2009-10-08 12:51:11 -0400},
	Date-Modified = {2009-10-11 21:24:26 -0400},
	Edition = {Second},
	Isbn = {0-471-31716-0},
	Mrclass = {00A05 (26-01 28-01 46-01)},
	Mrnumber = {MR1681462 (2000c:00001)},
	Note = {Modern techniques and their applications, A Wiley-Interscience Publication},
	Pages = {xvi+386},
	Publisher = {John Wiley \& Sons Inc.},
	Series = {Pure and Applied Mathematics (New York)},
	Title = {Real analysis},
	Year = {1999},
	Bdsk-Url-1 = {http://www.ams.org.proxy.library.nd.edu/mathscinet-getitem?mr=1681462}}

@book{Dieudonne_1969_Foundations-of-,
	Address = {New York},
	Author = {Dieudonn{{\'e}}, J.},
	Date-Added = {2009-10-06 23:55:03 -0400},
	Date-Modified = {2009-10-11 21:24:26 -0400},
	Mrclass = {00A05},
	Mrnumber = {MR0349288 (50 \#1782)},
	Note = {Enlarged and corrected printing, Pure and Applied Mathematics, Vol. 10-I},
	Pages = {xviii+387},
	Publisher = {Academic Press},
	Title = {Foundations of modern analysis},
	Year = {1969},
	Bdsk-Url-1 = {http://ams.org/mathscinet-getitem?mr=0349288}}

@article{Mustafa_2007_Global-conserva,
	Author = {Mustafa, Octavian G.},
	Date-Added = {2009-10-05 21:02:12 -0400},
	Date-Modified = {2009-10-11 21:24:26 -0400},
	Fjournal = {International Mathematics Research Notices. IMRN},
	Issn = {1073-7928},
	Journal = {Int. Math. Res. Not. IMRN},
	Mrclass = {35Q72 (74D10 74H99 74K10)},
	Mrnumber = {MR2346630 (2008i:35236)},
	Number = {13},
	Pages = {Art. ID rnm040, 26},
	Title = {Global conservative solutions of the hyperelastic rod equation},
	Year = {2007},
	Bdsk-File-1 = {YnBsaXN0MDDUAQIDBAUIJidUJHRvcFgkb2JqZWN0c1gkdmVyc2lvblkkYXJjaGl2ZXLRBgdUcm9vdIABqAkKFRYXGyIjVSRudWxs0wsMDQ4RFFpOUy5vYmplY3RzV05TLmtleXNWJGNsYXNzog8QgASABqISE4ACgAOAB1lhbGlhc0RhdGFccmVsYXRpdmVQYXRo0hgNGRpXTlMuZGF0YU8RAsgAAAAAAsgAAgAADE1hY2ludG9zaCBIRAAAAAAAAAAAAAAAAAAAAMfOW6BIKwAAABBS7h9NdXN0YWZhX0dsb2JhbCBjb25zZSMxMDUzMzEucGRmAAAAAAAAAAAAAAAAAAAAAAAAAAAAAAAAAAAAAAAAAAAAEFMxxvg4AAAAAAAAAAAAAAEAAgAACSAAAAAAAAAAAAAAAAAAAAAGUGFwZXJzABAACAAAx86T4AAAABEACAAAxvhwQAAAAAEAFAAQUu4AEFLsAA/YDgAP0EUAD9AXAAIAWE1hY2ludG9zaCBIRDpVc2VyczpkYXZpZGthcmFwZXR5YW46RG9jdW1lbnRzOk1hdGg6UGFwZXJzOk11c3RhZmFfR2xvYmFsIGNvbnNlIzEwNTMzMS5wZGYADgDSAGgATQB1AHMAdABhAGYAYQBfAEcAbABvAGIAYQBsACAAYwBvAG4AcwBlAHIAdgBhAHQAaQB2AGUAIABzAG8AbAB1AHQAaQBvAG4AcwAgAG8AZgAgAHQAaABlACAAaAB5AHAAZQByAGUAbABhAHMAdABpAGMAIAByAG8AZAAgAGUAcQB1AGEAdABpAG8AbgBfAEkAbgB0AC4AIABNAGEAdABoAC4AIABSAGUAcwAuACAATgBvAHQALgAgAEkATQBSAE4AXwAwADcAYQAuAHAAZABmAA8AGgAMAE0AYQBjAGkAbgB0AG8AcwBoACAASABEABIAlFVzZXJzL2Rhdmlka2FyYXBldHlhbi9Eb2N1bWVudHMvTWF0aC9QYXBlcnMvTXVzdGFmYV9HbG9iYWwgY29uc2VydmF0aXZlIHNvbHV0aW9ucyBvZiB0aGUgaHlwZXJlbGFzdGljIHJvZCBlcXVhdGlvbl9JbnQuIE1hdGguIFJlcy4gTm90LiBJTVJOXzA3YS5wZGYAEwABLwAAFQACABb//wAAgAXSHB0eH1gkY2xhc3Nlc1okY2xhc3NuYW1lox8gIV1OU011dGFibGVEYXRhVk5TRGF0YVhOU09iamVjdF8Qci4uL1BhcGVycy9NdXN0YWZhX0dsb2JhbCBjb25zZXJ2YXRpdmUgc29sdXRpb25zIG9mIHRoZSBoeXBlcmVsYXN0aWMgcm9kIGVxdWF0aW9uX0ludC4gTWF0aC4gUmVzLiBOb3QuIElNUk5fMDdhLnBkZtIcHSQloiUhXE5TRGljdGlvbmFyeRIAAYagXxAPTlNLZXllZEFyY2hpdmVyAAgAEQAWAB8AKAAyADUAOgA8AEUASwBSAF0AZQBsAG8AcQBzAHYAeAB6AHwAhgCTAJgAoANsA24DcwN8A4cDiwOZA6ADqQQeBCMEJgQzBDgAAAAAAAACAQAAAAAAAAAoAAAAAAAAAAAAAAAAAAAESg==},
	Bdsk-Url-1 = {http://www.ams.org.proxy.library.nd.edu/mathscinet-getitem?mr=2346630}}

@article{Gorsky_2007_Well-posedness-,
	Author = {Gorsky, Jennifer and Himonas, Alex},
	Coden = {DCDIS},
	Date-Added = {2009-10-05 20:53:00 -0400},
	Date-Modified = {2009-10-11 21:24:26 -0400},
	Fjournal = {Dynamics of Continuous, Discrete \& Impulsive Systems. Series A. Mathematical Analysis},
	Issn = {1201-3390},
	Journal = {Dyn. Contin. Discrete Impuls. Syst. Ser. A Math. Anal.},
	Mrclass = {35Q53 (35B30)},
	Mrnumber = {MR2384111 (2008m:35305)},
	Number = {Advances in Dynamical Systems, suppl. S2},
	Pages = {85--90},
	Title = {Well-posedness for a class of nonlinear dispersive equations},
	Volume = {14},
	Year = {2007},
	Bdsk-Url-1 = {http://www.ams.org.proxy.library.nd.edu/mathscinet-getitem?mr=2384111}}

@article{Dai_1999_Nonlinear-trave,
	Author = {Dai, Hui-Hui and Zhao, Xiao-Hua},
	Date-Added = {2009-10-05 20:38:34 -0400},
	Date-Modified = {2009-10-11 21:24:26 -0400},
	Fjournal = {The Royal Society of London. Proceedings. Series A. Mathematical, Physical and Engineering Sciences},
	Issn = {1364-5021},
	Journal = {R. Soc. Lond. Proc. Ser. A Math. Phys. Eng. Sci.},
	Mrclass = {74J30 (74B20 74K10)},
	Mrnumber = {MR1811318 (2001k:74059)},
	Number = {1990},
	Pages = {3845--3874},
	Title = {Nonlinear travelling waves in a rod composed of a modified {M}ooney-{R}ivlin material. {I}. {B}ifurcation of critical points and the non-singular case},
	Volume = {455},
	Year = {1999},
	Bdsk-File-1 = {YnBsaXN0MDDUAQIDBAUIJidUJHRvcFgkb2JqZWN0c1gkdmVyc2lvblkkYXJjaGl2ZXLRBgdUcm9vdIABqAkKFRYXGyIjVSRudWxs0wsMDQ4RFFpOUy5vYmplY3RzV05TLmtleXNWJGNsYXNzog8QgASABqISE4ACgAOAB1lhbGlhc0RhdGFccmVsYXRpdmVQYXRo0hgNGRpXTlMuZGF0YU8RA6QAAAAAA6QAAgAADE1hY2ludG9zaCBIRAAAAAAAAAAAAAAAAAAAAMfOW6BIKwAAABBS7h9EYWlfTm9ubGluZWFyIHRyYXZlbCMxMDUzMTMucGRmAAAAAAAAAAAAAAAAAAAAAAAAAAAAAAAAAAAAAAAAAAAAEFMTxvgX8AAAAAAAAAAAAAEAAgAACSAAAAAAAAAAAAAAAAAAAAAGUGFwZXJzABAACAAAx86T4AAAABEACAAAxvhQMAAAAAEAFAAQUu4AEFLsAA/YDgAP0EUAD9AXAAIAWE1hY2ludG9zaCBIRDpVc2VyczpkYXZpZGthcmFwZXR5YW46RG9jdW1lbnRzOk1hdGg6UGFwZXJzOkRhaV9Ob25saW5lYXIgdHJhdmVsIzEwNTMxMy5wZGYADgFkALEARABhAGkAXwBOAG8AbgBsAGkAbgBlAGEAcgAgAHQAcgBhAHYAZQBsAGwAaQBuAGcAIAB3AGEAdgBlAHMAIABpAG4AIABhACAAcgBvAGQAIABjAG8AbQBwAG8AcwBlAGQAIABvAGYAIABhACAAbQBvAGQAaQBmAGkAZQBkACAATQBvAG8AbgBlAHkALQBSAGkAdgBsAGkAbgAgAG0AYQB0AGUAcgBpAGEAbAAuACAASQAuACAAQgBpAGYAdQByAGMAYQB0AGkAbwBuACAAbwBmACAAYwByAGkAdABpAGMAYQBsACAAcABvAGkAbgB0AHMAXwBSAC4AIABTAG8AYwAuACAATABvAG4AZAAuACAAUAByAG8AYwAuACAAUwBlAHIALgAgAEEAIABNAGEAdABoAC4AIABQAGgAeQBzAC4AIABFAG4AZwAuACAAUwBjAGkALgBfADkAOQBhAC4AcABkAGYADwAaAAwATQBhAGMAaQBuAHQAbwBzAGgAIABIAEQAEgDdVXNlcnMvZGF2aWRrYXJhcGV0eWFuL0RvY3VtZW50cy9NYXRoL1BhcGVycy9EYWlfTm9ubGluZWFyIHRyYXZlbGxpbmcgd2F2ZXMgaW4gYSByb2QgY29tcG9zZWQgb2YgYSBtb2RpZmllZCBNb29uZXktUml2bGluIG1hdGVyaWFsLiBJLiBCaWZ1cmNhdGlvbiBvZiBjcml0aWNhbCBwb2ludHNfUi4gU29jLiBMb25kLiBQcm9jLiBTZXIuIEEgTWF0aC4gUGh5cy4gRW5nLiBTY2kuXzk5YS5wZGYAABMAAS8AABUAAgAW//8AAIAF0hwdHh9YJGNsYXNzZXNaJGNsYXNzbmFtZaMfICFdTlNNdXRhYmxlRGF0YVZOU0RhdGFYTlNPYmplY3RfELsuLi9QYXBlcnMvRGFpX05vbmxpbmVhciB0cmF2ZWxsaW5nIHdhdmVzIGluIGEgcm9kIGNvbXBvc2VkIG9mIGEgbW9kaWZpZWQgTW9vbmV5LVJpdmxpbiBtYXRlcmlhbC4gSS4gQmlmdXJjYXRpb24gb2YgY3JpdGljYWwgcG9pbnRzX1IuIFNvYy4gTG9uZC4gUHJvYy4gU2VyLiBBIE1hdGguIFBoeXMuIEVuZy4gU2NpLl85OWEucGRm0hwdJCWiJSFcTlNEaWN0aW9uYXJ5EgABhqBfEA9OU0tleWVkQXJjaGl2ZXIACAARABYAHwAoADIANQA6ADwARQBLAFIAXQBlAGwAbwBxAHMAdgB4AHoAfACGAJMAmACgBEgESgRPBFgEYwRnBHUEfASFBUMFSAVLBVgFXQAAAAAAAAIBAAAAAAAAACgAAAAAAAAAAAAAAAAAAAVv},
	Bdsk-Url-1 = {http://www.ams.org.proxy.library.nd.edu/mathscinet-getitem?mr=1811318}}

@incollection{Tzvetkov_2006_Ill-posedness-i,
	Address = {Tokyo},
	Author = {Tzvetkov, Nikolay},
	Booktitle = {Lectures on nonlinear dispersive equations},
	Date-Added = {2009-10-05 20:30:36 -0400},
	Date-Modified = {2009-10-11 21:24:26 -0400},
	Mrclass = {35K90 (34L40 35B30 35Q53 37L05 58Jxx)},
	Mrnumber = {MR2404974},
	Pages = {63--103},
	Publisher = {Gakk\=otosho},
	Series = {GAKUTO Internat. Ser. Math. Sci. Appl.},
	Title = {Ill-posedness issues for nonlinear dispersive equations},
	Volume = {27},
	Year = {2006},
	Bdsk-File-1 = {YnBsaXN0MDDUAQIDBAUIJidUJHRvcFgkb2JqZWN0c1gkdmVyc2lvblkkYXJjaGl2ZXLRBgdUcm9vdIABqAkKFRYXGyIjVSRudWxs0wsMDQ4RFFpOUy5vYmplY3RzV05TLmtleXNWJGNsYXNzog8QgASABqISE4ACgAOAB1lhbGlhc0RhdGFccmVsYXRpdmVQYXRo0hgNGRpXTlMuZGF0YU8RAagAAAAAAagAAgAADE1hY2ludG9zaCBIRAAAAAAAAAAAAAAAAAAAAMPjDrpIKwAAAgku3RdUenZldGtvdi1pbGxfcG9zLTA3LnBkZgAAAAAAAAAAAAAAAAAAAAAAAAAAAAAAAAAAAAAAAAAAAAAAAAAAAAACCIU6xqjOvQAAAAAAAAAAAAQAAgAACSAAAAAAAAAAAAAAAAAAAAAGLlRyYXNoABAACAAAw+NVCgAAABEACAAAxqkG/QAAAAEADAIJLt0CCIDCAVEOswACAEFNYWNpbnRvc2ggSEQ6VXNlcnM6ZGF2aWRrYXJhcGV0eWFuOi5UcmFzaDpUenZldGtvdi1pbGxfcG9zLTA3LnBkZgAADgAwABcAVAB6AHYAZQB0AGsAbwB2AC0AaQBsAGwAXwBwAG8AcwAtADAANwAuAHAAZABmAA8AGgAMAE0AYQBjAGkAbgB0AG8AcwBoACAASABEABIANFVzZXJzL2Rhdmlka2FyYXBldHlhbi8uVHJhc2gvVHp2ZXRrb3YtaWxsX3Bvcy0wNy5wZGYAEwABLwAAFQACABb//wAAgAXSHB0eH1gkY2xhc3Nlc1okY2xhc3NuYW1lox8gIV1OU011dGFibGVEYXRhVk5TRGF0YVhOU09iamVjdF8QKi4uLy4uLy4uLy4uLy5UcmFzaC9UenZldGtvdi1pbGxfcG9zLTA3LnBkZtIcHSQloiUhXE5TRGljdGlvbmFyeRIAAYagXxAPTlNLZXllZEFyY2hpdmVyAAgAEQAWAB8AKAAyADUAOgA8AEUASwBSAF0AZQBsAG8AcQBzAHYAeAB6AHwAhgCTAJgAoAJMAk4CUwJcAmcCawJ5AoACiQK2ArsCvgLLAtAAAAAAAAACAQAAAAAAAAAoAAAAAAAAAAAAAAAAAAAC4g==},
	Bdsk-Url-1 = {http://www.ams.org.proxy.library.nd.edu/mathscinet-getitem?mr=2404974}}

@article{Taylor_2003_Commutator-esti,
	Author = {Taylor, Michael Eugene},
	Coden = {PAMYAR},
	Date-Added = {2009-10-05 20:30:13 -0400},
	Date-Modified = {2009-10-11 21:24:26 -0400},
	Fjournal = {Proceedings of the American Mathematical Society},
	Issn = {0002-9939},
	Journal = {Proc. Amer. Math. Soc.},
	Mrclass = {35S05 (35S50 47G30)},
	Mrnumber = {MR1949880 (2003k:35261)},
	Mrreviewer = {Vladimir B. Vasilyev},
	Number = {5},
	Pages = {1501--1507 (electronic)},
	Title = {Commutator estimates},
	Volume = {131},
	Year = {2003},
	Bdsk-Url-1 = {http://www.ams.org.proxy.library.nd.edu/mathscinet-getitem?mr=1949880}}

@book{Taylor_1991_Pseudodifferent,
	Address = {Boston, MA},
	Author = {Taylor, Michael E.},
	Date-Added = {2009-10-05 20:29:38 -0400},
	Date-Modified = {2009-10-11 21:24:26 -0400},
	Isbn = {0-8176-3595-5},
	Mrclass = {35Sxx (35G20 46E35 46F99 47G30 58G15)},
	Mrnumber = {MR1121019 (92j:35193)},
	Mrreviewer = {William Margulies},
	Pages = {213},
	Publisher = {Birkh{\"a}user Boston Inc.},
	Series = {Progress in Mathematics},
	Title = {Pseudodifferential operators and nonlinear {PDE}},
	Volume = {100},
	Year = {1991},
	Bdsk-Url-1 = {http://www.ams.org.proxy.library.nd.edu/mathscinet-getitem?mr=1121019}}

@incollection{Kato_1993_Abstract-evolut,
	Address = {Berlin},
	Author = {Kato, Tosio},
	Booktitle = {Functional analysis and related topics, 1991 ({K}yoto)},
	Date-Added = {2009-10-05 20:28:54 -0400},
	Date-Modified = {2009-10-11 21:24:26 -0400},
	Mrclass = {34G20 (35L60 47D06 47N20)},
	Mrnumber = {MR1225814 (95m:34108)},
	Mrreviewer = {J. A. Goldstein},
	Pages = {103--125},
	Publisher = {Springer},
	Series = {Lecture Notes in Math.},
	Title = {Abstract evolution equations, linear and quasilinear, revisited},
	Volume = {1540},
	Year = {1993},
	Bdsk-Url-1 = {http://www.ams.org.proxy.library.nd.edu/mathscinet-getitem?mr=1225814}}

@article{Kato_1988_Commutator-esti,
	Author = {Kato, Tosio and Ponce, Gustavo},
	Coden = {CPAMA},
	Date-Added = {2009-10-05 20:27:45 -0400},
	Date-Modified = {2009-10-11 21:24:26 -0400},
	Fjournal = {Communications on Pure and Applied Mathematics},
	Issn = {0010-3640},
	Journal = {Comm. Pure Appl. Math.},
	Mrclass = {35Q10 (47F05 76D05)},
	Mrnumber = {MR951744 (90f:35162)},
	Mrreviewer = {Josef Bemelmans},
	Number = {7},
	Pages = {891--907},
	Title = {Commutator estimates and the {E}uler and {N}avier-{S}tokes equations},
	Volume = {41},
	Year = {1988},
	Bdsk-Url-1 = {http://www.ams.org.proxy.library.nd.edu/mathscinet-getitem?mr=951744}}

@incollection{Kato_1975_Quasi-linear-eq,
	Address = {Berlin},
	Author = {Kato, Tosio},
	Booktitle = {Spectral theory and differential equations ({P}roc. {S}ympos., {D}undee, 1974; dedicated to {K}onrad {J}{\"o}rgens)},
	Date-Added = {2009-10-05 20:27:18 -0400},
	Date-Modified = {2009-10-11 21:24:26 -0400},
	Mrclass = {35R20},
	Mrnumber = {MR0407477 (53 \#11252)},
	Mrreviewer = {C. Bardos},
	Pages = {25--70. Lecture Notes in Math., Vol. 448},
	Publisher = {Springer},
	Title = {Quasi-linear equations of evolution, with applications to partial differential equations},
	Year = {1975},
	Bdsk-Url-1 = {http://www.ams.org.proxy.library.nd.edu/mathscinet-getitem?mr=0407477}}

@article{Constantin_2000_Stability-of-a-,
	Author = {Adrian Constantin and Walter A Strauss},
	Date-Added = {2009-10-05 14:34:45 -0400},
	Date-Modified = {2009-10-11 21:24:26 -0400},
	Journal = {Phys. Lett. A},
	Number = {3-4},
	Pages = {140--148},
	Rating = {0},
	Title = {Stability of a class of solitary waves in compressible elastic rods},
	Uri = {papers://EB99A1B2-D6E1-410B-8769-12F7E2B8831E/Paper/p243},
	Volume = {270},
	Year = {2000},
	Bdsk-File-1 = {YnBsaXN0MDDUAQIDBAUIJidUJHRvcFgkb2JqZWN0c1gkdmVyc2lvblkkYXJjaGl2ZXLRBgdUcm9vdIABqAkKFRYXGyIjVSRudWxs0wsMDQ4RFFpOUy5vYmplY3RzV05TLmtleXNWJGNsYXNzog8QgASABqISE4ACgAOAB1lhbGlhc0RhdGFccmVsYXRpdmVQYXRo0hgNGRpXTlMuZGF0YU8RArwAAAAAArwAAgAADE1hY2ludG9zaCBIRAAAAAAAAAAAAAAAAAAAAMfOW6BIKwAAABBS7h9Db25zdGFudGluX1N0YWJpbGl0eSMxMDUzMEIucGRmAAAAAAAAAAAAAAAAAAAAAAAAAAAAAAAAAAAAAAAAAAAAEFMLxvgOxAAAAAAAAAAAAAEAAgAACSAAAAAAAAAAAAAAAAAAAAAGUGFwZXJzABAACAAAx86T4AAAABEACAAAxvhHBAAAAAEAFAAQUu4AEFLsAA/YDgAP0EUAD9AXAAIAWE1hY2ludG9zaCBIRDpVc2VyczpkYXZpZGthcmFwZXR5YW46RG9jdW1lbnRzOk1hdGg6UGFwZXJzOkNvbnN0YW50aW5fU3RhYmlsaXR5IzEwNTMwQi5wZGYADgDKAGQAQwBvAG4AcwB0AGEAbgB0AGkAbgBfAFMAdABhAGIAaQBsAGkAdAB5ACAAbwBmACAAYQAgAGMAbABhAHMAcwAgAG8AZgAgAHMAbwBsAGkAdABhAHIAeQAgAHcAYQB2AGUAcwAgAGkAbgAgAGMAbwBtAHAAcgBlAHMAcwBpAGIAbABlACAAZQBsAGEAcwB0AGkAYwAgAHIAbwBkAHMAXwBQAGgAeQBzAC4AIABMAGUAdAB0AC4AIABBAF8AMAAwAGEALgBwAGQAZgAPABoADABNAGEAYwBpAG4AdABvAHMAaAAgAEgARAASAJBVc2Vycy9kYXZpZGthcmFwZXR5YW4vRG9jdW1lbnRzL01hdGgvUGFwZXJzL0NvbnN0YW50aW5fU3RhYmlsaXR5IG9mIGEgY2xhc3Mgb2Ygc29saXRhcnkgd2F2ZXMgaW4gY29tcHJlc3NpYmxlIGVsYXN0aWMgcm9kc19QaHlzLiBMZXR0LiBBXzAwYS5wZGYAEwABLwAAFQACABb//wAAgAXSHB0eH1gkY2xhc3Nlc1okY2xhc3NuYW1lox8gIV1OU011dGFibGVEYXRhVk5TRGF0YVhOU09iamVjdF8Qbi4uL1BhcGVycy9Db25zdGFudGluX1N0YWJpbGl0eSBvZiBhIGNsYXNzIG9mIHNvbGl0YXJ5IHdhdmVzIGluIGNvbXByZXNzaWJsZSBlbGFzdGljIHJvZHNfUGh5cy4gTGV0dC4gQV8wMGEucGRm0hwdJCWiJSFcTlNEaWN0aW9uYXJ5EgABhqBfEA9OU0tleWVkQXJjaGl2ZXIACAARABYAHwAoADIANQA6ADwARQBLAFIAXQBlAGwAbwBxAHMAdgB4AHoAfACGAJMAmACgA2ADYgNnA3ADewN/A40DlAOdBA4EEwQWBCMEKAAAAAAAAAIBAAAAAAAAACgAAAAAAAAAAAAAAAAAAAQ6},
	Bdsk-Url-1 = {http://www.ams.org.proxy.library.nd.edu/mathscinet-getitem?mr=1763691}}

@article{Dai_1998_Exact-travellin,
	Author = {H-H Dai},
	Date-Added = {2009-10-05 14:34:45 -0400},
	Date-Modified = {2009-10-11 21:24:26 -0400},
	Journal = {Wave Motion},
	Number = {4},
	Pages = {367--381},
	Rating = {0},
	Title = {Exact travelling-wave solutions of an integrable equation arising in hyperelastic rods},
	Uri = {papers://EB99A1B2-D6E1-410B-8769-12F7E2B8831E/Paper/p252},
	Volume = {28},
	Year = {1998},
	Bdsk-File-1 = {YnBsaXN0MDDUAQIDBAUIJidUJHRvcFgkb2JqZWN0c1gkdmVyc2lvblkkYXJjaGl2ZXLRBgdUcm9vdIABqAkKFRYXGyIjVSRudWxs0wsMDQ4RFFpOUy5vYmplY3RzV05TLmtleXNWJGNsYXNzog8QgASABqISE4ACgAOAB1lhbGlhc0RhdGFccmVsYXRpdmVQYXRo0hgNGRpXTlMuZGF0YU8RAtoAAAAAAtoAAgAADE1hY2ludG9zaCBIRAAAAAAAAAAAAAAAAAAAAMfOW6BIKwAAABBS7h9EYWlfRXhhY3QgdHJhdmVsbGluZyMxMDUzMTAucGRmAAAAAAAAAAAAAAAAAAAAAAAAAAAAAAAAAAAAAAAAAAAAEFMQxvgWlAAAAAAAAAAAAAEAAgAACSAAAAAAAAAAAAAAAAAAAAAGUGFwZXJzABAACAAAx86T4AAAABEACAAAxvhO1AAAAAEAFAAQUu4AEFLsAA/YDgAP0EUAD9AXAAIAWE1hY2ludG9zaCBIRDpVc2VyczpkYXZpZGthcmFwZXR5YW46RG9jdW1lbnRzOk1hdGg6UGFwZXJzOkRhaV9FeGFjdCB0cmF2ZWxsaW5nIzEwNTMxMC5wZGYADgDeAG4ARABhAGkAXwBFAHgAYQBjAHQAIAB0AHIAYQB2AGUAbABsAGkAbgBnAC0AdwBhAHYAZQAgAHMAbwBsAHUAdABpAG8AbgBzACAAbwBmACAAYQBuACAAaQBuAHQAZQBnAHIAYQBiAGwAZQAgAGUAcQB1AGEAdABpAG8AbgAgAGEAcgBpAHMAaQBuAGcAIABpAG4AIABoAHkAcABlAHIAZQBsAGEAcwB0AGkAYwAgAHIAbwBkAHMAXwBXAGEAdgBlACAATQBvAHQAaQBvAG4AXwA5ADgAYQAuAHAAZABmAA8AGgAMAE0AYQBjAGkAbgB0AG8AcwBoACAASABEABIAmlVzZXJzL2Rhdmlka2FyYXBldHlhbi9Eb2N1bWVudHMvTWF0aC9QYXBlcnMvRGFpX0V4YWN0IHRyYXZlbGxpbmctd2F2ZSBzb2x1dGlvbnMgb2YgYW4gaW50ZWdyYWJsZSBlcXVhdGlvbiBhcmlzaW5nIGluIGh5cGVyZWxhc3RpYyByb2RzX1dhdmUgTW90aW9uXzk4YS5wZGYAEwABLwAAFQACABb//wAAgAXSHB0eH1gkY2xhc3Nlc1okY2xhc3NuYW1lox8gIV1OU011dGFibGVEYXRhVk5TRGF0YVhOU09iamVjdF8QeC4uL1BhcGVycy9EYWlfRXhhY3QgdHJhdmVsbGluZy13YXZlIHNvbHV0aW9ucyBvZiBhbiBpbnRlZ3JhYmxlIGVxdWF0aW9uIGFyaXNpbmcgaW4gaHlwZXJlbGFzdGljIHJvZHNfV2F2ZSBNb3Rpb25fOThhLnBkZtIcHSQloiUhXE5TRGljdGlvbmFyeRIAAYagXxAPTlNLZXllZEFyY2hpdmVyAAgAEQAWAB8AKAAyADUAOgA8AEUASwBSAF0AZQBsAG8AcQBzAHYAeAB6AHwAhgCTAJgAoAN+A4ADhQOOA5kDnQOrA7IDuwQ2BDsEPgRLBFAAAAAAAAACAQAAAAAAAAAoAAAAAAAAAAAAAAAAAAAEYg==},
	Bdsk-Url-1 = {http://www.ams.org.proxy.library.nd.edu/mathscinet-getitem?mr=1642422}}

@article{Olson_2009_Well-posedness-,
	Abstract = {We show that the Cauchy problem for a higher order modification of the Camassa--Holm equation is locally well posed for initial data in the Sobolev space View the MathML source for s>s ′ , where 1/4 less-than-or-equals, },
	Author = {Erika Olson},
	Date-Added = {2009-10-01 01:10:47 -0400},
	Date-Modified = {2009-10-11 21:24:26 -0400},
	Journal = {Journal of Differential Equations},
	Month = {Jan},
	Pmid = {related:m6k8eqxJ2jIJ},
	Rating = {0},
	Title = {Well posedness for a higher order modified Camassa--Holm equation},
	Uri = {papers://EB99A1B2-D6E1-410B-8769-12F7E2B8831E/Paper/p214},
	Year = {2009},
	Bdsk-Url-1 = {http://linkinghub.elsevier.com/retrieve/pii/S002203960800497X}}

@article{Mustafa_2008_Global-dissipat,
	Author = {Octavian G Mustafa},
	Date-Added = {2009-10-05 14:34:45 -0400},
	Date-Modified = {2009-10-11 21:24:26 -0400},
	Journal = {J. Nonlinear Math. Phys.},
	Number = {suppl. 2},
	Pages = {96--115},
	Rating = {0},
	Title = {Global dissipative solutions of the generalized Camassa-Holm equation},
	Uri = {papers://EB99A1B2-D6E1-410B-8769-12F7E2B8831E/Paper/p235},
	Volume = {15},
	Year = {2008},
	Bdsk-File-1 = {YnBsaXN0MDDUAQIDBAUIJidUJHRvcFgkb2JqZWN0c1gkdmVyc2lvblkkYXJjaGl2ZXLRBgdUcm9vdIABqAkKFRYXGyIjVSRudWxs0wsMDQ4RFFpOUy5vYmplY3RzV05TLmtleXNWJGNsYXNzog8QgASABqISE4ACgAOAB1lhbGlhc0RhdGFccmVsYXRpdmVQYXRo0hgNGRpXTlMuZGF0YU8RAtoAAAAAAtoAAgAADE1hY2ludG9zaCBIRAAAAAAAAAAAAAAAAAAAAMfOW6BIKwAAABBS7h9NdXN0YWZhX0dsb2JhbCBkaXNzaSMxMDUzMzIucGRmAAAAAAAAAAAAAAAAAAAAAAAAAAAAAAAAAAAAAAAAAAAAEFMyxvg42QAAAAAAAAAAAAEAAgAACSAAAAAAAAAAAAAAAAAAAAAGUGFwZXJzABAACAAAx86T4AAAABEACAAAxvhxGQAAAAEAFAAQUu4AEFLsAA/YDgAP0EUAD9AXAAIAWE1hY2ludG9zaCBIRDpVc2VyczpkYXZpZGthcmFwZXR5YW46RG9jdW1lbnRzOk1hdGg6UGFwZXJzOk11c3RhZmFfR2xvYmFsIGRpc3NpIzEwNTMzMi5wZGYADgDeAG4ATQB1AHMAdABhAGYAYQBfAEcAbABvAGIAYQBsACAAZABpAHMAcwBpAHAAYQB0AGkAdgBlACAAcwBvAGwAdQB0AGkAbwBuAHMAIABvAGYAIAB0AGgAZQAgAGcAZQBuAGUAcgBhAGwAaQB6AGUAZAAgAEMAYQBtAGEAcwBzAGEALQBIAG8AbABtACAAZQBxAHUAYQB0AGkAbwBuAF8ASgAuACAATgBvAG4AbABpAG4AZQBhAHIAIABNAGEAdABoAC4AIABQAGgAeQBzAC4AXwAwADgAYQAuAHAAZABmAA8AGgAMAE0AYQBjAGkAbgB0AG8AcwBoACAASABEABIAmlVzZXJzL2Rhdmlka2FyYXBldHlhbi9Eb2N1bWVudHMvTWF0aC9QYXBlcnMvTXVzdGFmYV9HbG9iYWwgZGlzc2lwYXRpdmUgc29sdXRpb25zIG9mIHRoZSBnZW5lcmFsaXplZCBDYW1hc3NhLUhvbG0gZXF1YXRpb25fSi4gTm9ubGluZWFyIE1hdGguIFBoeXMuXzA4YS5wZGYAEwABLwAAFQACABb//wAAgAXSHB0eH1gkY2xhc3Nlc1okY2xhc3NuYW1lox8gIV1OU011dGFibGVEYXRhVk5TRGF0YVhOU09iamVjdF8QeC4uL1BhcGVycy9NdXN0YWZhX0dsb2JhbCBkaXNzaXBhdGl2ZSBzb2x1dGlvbnMgb2YgdGhlIGdlbmVyYWxpemVkIENhbWFzc2EtSG9sbSBlcXVhdGlvbl9KLiBOb25saW5lYXIgTWF0aC4gUGh5cy5fMDhhLnBkZtIcHSQloiUhXE5TRGljdGlvbmFyeRIAAYagXxAPTlNLZXllZEFyY2hpdmVyAAgAEQAWAB8AKAAyADUAOgA8AEUASwBSAF0AZQBsAG8AcQBzAHYAeAB6AHwAhgCTAJgAoAN+A4ADhQOOA5kDnQOrA7IDuwQ2BDsEPgRLBFAAAAAAAAACAQAAAAAAAAAoAAAAAAAAAAAAAAAAAAAEYg==},
	Bdsk-Url-1 = {http://www.ams.org.proxy.library.nd.edu/mathscinet-getitem?mr=2434728}}

@article{Dai_2000_Solitary-shock-,
	Author = {Hui-Hui Dai and Yi Huo},
	Date-Added = {2009-10-05 14:34:45 -0400},
	Date-Modified = {2009-10-11 21:24:26 -0400},
	Journal = {R. Soc. Lond. Proc. Ser. A Math. Phys. Eng. Sci.},
	Number = {1994},
	Pages = {331--363},
	Rating = {0},
	Title = {Solitary shock waves and other travelling waves in a general compressible hyperelastic rod},
	Uri = {papers://EB99A1B2-D6E1-410B-8769-12F7E2B8831E/Paper/p240},
	Volume = {456},
	Year = {2000},
	Bdsk-File-1 = {YnBsaXN0MDDUAQIDBAUIJidUJHRvcFgkb2JqZWN0c1gkdmVyc2lvblkkYXJjaGl2ZXLRBgdUcm9vdIABqAkKFRYXGyIjVSRudWxs0wsMDQ4RFFpOUy5vYmplY3RzV05TLmtleXNWJGNsYXNzog8QgASABqISE4ACgAOAB1lhbGlhc0RhdGFccmVsYXRpdmVQYXRo0hgNGRpXTlMuZGF0YU8RA1YAAAAAA1YAAgAADE1hY2ludG9zaCBIRAAAAAAAAAAAAAAAAAAAAMfOW6BIKwAAABBS7h9EYWlfU29saXRhcnkgc2hvY2sgdyMxMDUzMTQucGRmAAAAAAAAAAAAAAAAAAAAAAAAAAAAAAAAAAAAAAAAAAAAEFMUxvgZRwAAAAAAAAAAAAEAAgAACSAAAAAAAAAAAAAAAAAAAAAGUGFwZXJzABAACAAAx86T4AAAABEACAAAxvhRhwAAAAEAFAAQUu4AEFLsAA/YDgAP0EUAD9AXAAIAWE1hY2ludG9zaCBIRDpVc2VyczpkYXZpZGthcmFwZXR5YW46RG9jdW1lbnRzOk1hdGg6UGFwZXJzOkRhaV9Tb2xpdGFyeSBzaG9jayB3IzEwNTMxNC5wZGYADgEwAJcARABhAGkAXwBTAG8AbABpAHQAYQByAHkAIABzAGgAbwBjAGsAIAB3AGEAdgBlAHMAIABhAG4AZAAgAG8AdABoAGUAcgAgAHQAcgBhAHYAZQBsAGwAaQBuAGcAIAB3AGEAdgBlAHMAIABpAG4AIABhACAAZwBlAG4AZQByAGEAbAAgAGMAbwBtAHAAcgBlAHMAcwBpAGIAbABlACAAaAB5AHAAZQByAGUAbABhAHMAdABpAGMAIAByAG8AZABfAFIALgAgAFMAbwBjAC4AIABMAG8AbgBkAC4AIABQAHIAbwBjAC4AIABTAGUAcgAuACAAQQAgAE0AYQB0AGgALgAgAFAAaAB5AHMALgAgAEUAbgBnAC4AIABTAGMAaQAuAF8AMAAwAGEALgBwAGQAZgAPABoADABNAGEAYwBpAG4AdABvAHMAaAAgAEgARAASAMNVc2Vycy9kYXZpZGthcmFwZXR5YW4vRG9jdW1lbnRzL01hdGgvUGFwZXJzL0RhaV9Tb2xpdGFyeSBzaG9jayB3YXZlcyBhbmQgb3RoZXIgdHJhdmVsbGluZyB3YXZlcyBpbiBhIGdlbmVyYWwgY29tcHJlc3NpYmxlIGh5cGVyZWxhc3RpYyByb2RfUi4gU29jLiBMb25kLiBQcm9jLiBTZXIuIEEgTWF0aC4gUGh5cy4gRW5nLiBTY2kuXzAwYS5wZGYAABMAAS8AABUAAgAW//8AAIAF0hwdHh9YJGNsYXNzZXNaJGNsYXNzbmFtZaMfICFdTlNNdXRhYmxlRGF0YVZOU0RhdGFYTlNPYmplY3RfEKEuLi9QYXBlcnMvRGFpX1NvbGl0YXJ5IHNob2NrIHdhdmVzIGFuZCBvdGhlciB0cmF2ZWxsaW5nIHdhdmVzIGluIGEgZ2VuZXJhbCBjb21wcmVzc2libGUgaHlwZXJlbGFzdGljIHJvZF9SLiBTb2MuIExvbmQuIFByb2MuIFNlci4gQSBNYXRoLiBQaHlzLiBFbmcuIFNjaS5fMDBhLnBkZtIcHSQloiUhXE5TRGljdGlvbmFyeRIAAYagXxAPTlNLZXllZEFyY2hpdmVyAAgAEQAWAB8AKAAyADUAOgA8AEUASwBSAF0AZQBsAG8AcQBzAHYAeAB6AHwAhgCTAJgAoAP6A/wEAQQKBBUEGQQnBC4ENwTbBOAE4wTwBPUAAAAAAAACAQAAAAAAAAAoAAAAAAAAAAAAAAAAAAAFBw==},
	Bdsk-Url-1 = {http://www.ams.org.proxy.library.nd.edu/mathscinet-getitem?mr=1811323}}

@article{Li_2000_Well-posedness-,
	Author = {Yi A Li and Peter J Olver},
	Date-Added = {2009-10-05 14:34:45 -0400},
	Date-Modified = {2009-10-11 21:24:26 -0400},
	Journal = {J. Differential Equations},
	Number = {1},
	Pages = {27--63},
	Rating = {0},
	Title = {Well-posedness and blow-up solutions for an integrable nonlinearly dispersive model wave equation},
	Uri = {papers://EB99A1B2-D6E1-410B-8769-12F7E2B8831E/Paper/p242},
	Volume = {162},
	Year = {2000},
	Bdsk-File-1 = {YnBsaXN0MDDUAQIDBAUIJidUJHRvcFgkb2JqZWN0c1gkdmVyc2lvblkkYXJjaGl2ZXLRBgdUcm9vdIABqAkKFRYXGyIjVSRudWxs0wsMDQ4RFFpOUy5vYmplY3RzV05TLmtleXNWJGNsYXNzog8QgASABqISE4ACgAOAB1lhbGlhc0RhdGFccmVsYXRpdmVQYXRo0hgNGRpXTlMuZGF0YU8RAyIAAAAAAyIAAgAADE1hY2ludG9zaCBIRAAAAAAAAAAAAAAAAAAAAMfOW6BIKwAAABBS7h9MaV9XZWxsLXBvc2VkbmVzcyBhbiMxMDUzMkEucGRmAAAAAAAAAAAAAAAAAAAAAAAAAAAAAAAAAAAAAAAAAAAAEFMqxvgqiAAAAAAAAAAAAAEAAgAACSAAAAAAAAAAAAAAAAAAAAAGUGFwZXJzABAACAAAx86T4AAAABEACAAAxvhiyAAAAAEAFAAQUu4AEFLsAA/YDgAP0EUAD9AXAAIAWE1hY2ludG9zaCBIRDpVc2VyczpkYXZpZGthcmFwZXR5YW46RG9jdW1lbnRzOk1hdGg6UGFwZXJzOkxpX1dlbGwtcG9zZWRuZXNzIGFuIzEwNTMyQS5wZGYADgEOAIYATABpAF8AVwBlAGwAbAAtAHAAbwBzAGUAZABuAGUAcwBzACAAYQBuAGQAIABiAGwAbwB3AC0AdQBwACAAcwBvAGwAdQB0AGkAbwBuAHMAIABmAG8AcgAgAGEAbgAgAGkAbgB0AGUAZwByAGEAYgBsAGUAIABuAG8AbgBsAGkAbgBlAGEAcgBsAHkAIABkAGkAcwBwAGUAcgBzAGkAdgBlACAAbQBvAGQAZQBsACAAdwBhAHYAZQAgAGUAcQB1AGEAdABpAG8AbgBfAEoALgAgAEQAaQBmAGYAZQByAGUAbgB0AGkAYQBsACAARQBxAHUAYQB0AGkAbwBuAHMAXwAwADAAYQAuAHAAZABmAA8AGgAMAE0AYQBjAGkAbgB0AG8AcwBoACAASABEABIAslVzZXJzL2Rhdmlka2FyYXBldHlhbi9Eb2N1bWVudHMvTWF0aC9QYXBlcnMvTGlfV2VsbC1wb3NlZG5lc3MgYW5kIGJsb3ctdXAgc29sdXRpb25zIGZvciBhbiBpbnRlZ3JhYmxlIG5vbmxpbmVhcmx5IGRpc3BlcnNpdmUgbW9kZWwgd2F2ZSBlcXVhdGlvbl9KLiBEaWZmZXJlbnRpYWwgRXF1YXRpb25zXzAwYS5wZGYAEwABLwAAFQACABb//wAAgAXSHB0eH1gkY2xhc3Nlc1okY2xhc3NuYW1lox8gIV1OU011dGFibGVEYXRhVk5TRGF0YVhOU09iamVjdF8QkC4uL1BhcGVycy9MaV9XZWxsLXBvc2VkbmVzcyBhbmQgYmxvdy11cCBzb2x1dGlvbnMgZm9yIGFuIGludGVncmFibGUgbm9ubGluZWFybHkgZGlzcGVyc2l2ZSBtb2RlbCB3YXZlIGVxdWF0aW9uX0ouIERpZmZlcmVudGlhbCBFcXVhdGlvbnNfMDBhLnBkZtIcHSQloiUhXE5TRGljdGlvbmFyeRIAAYagXxAPTlNLZXllZEFyY2hpdmVyAAgAEQAWAB8AKAAyADUAOgA8AEUASwBSAF0AZQBsAG8AcQBzAHYAeAB6AHwAhgCTAJgAoAPGA8gDzQPWA+ED5QPzA/oEAwSWBJsEngSrBLAAAAAAAAACAQAAAAAAAAAoAAAAAAAAAAAAAAAAAAAEwg==},
	Bdsk-Url-1 = {http://www.ams.org.proxy.library.nd.edu/mathscinet-getitem?mr=1741872}}

@article{Olson_2006_The-initial-val,
	Author = {Erika Olson},
	Date-Added = {2009-10-05 14:34:45 -0400},
	Date-Modified = {2009-10-11 21:24:26 -0400},
	Journal = {Differential Integral Equations},
	Number = {10},
	Pages = {1081--1102},
	Rating = {0},
	Title = {The initial value problem for two nonlinear evolution equations},
	Uri = {papers://EB99A1B2-D6E1-410B-8769-12F7E2B8831E/Paper/p220},
	Volume = {19},
	Year = {2006},
	Bdsk-Url-1 = {http://www.google.com/search?client=safari&rls=en-us&q=The+initial+value+problem+for+two+nonlinear+evolution+equations&ie=UTF-8&oe=UTF-8}}

@article{Olson_2006_Non-uniform-dep,
	Author = {Erika Olson},
	Date-Added = {2009-10-05 14:34:45 -0400},
	Date-Modified = {2009-10-11 21:24:26 -0400},
	Journal = {Differential Integral Equations},
	Number = {10},
	Pages = {1081--1102},
	Rating = {0},
	Title = {Non-uniform dependence on initial data for a family of non-linear evolution equations},
	Uri = {papers://EB99A1B2-D6E1-410B-8769-12F7E2B8831E/Paper/p229},
	Volume = {19},
	Year = {2006},
	Bdsk-Url-1 = {http://www.ams.org.proxy.library.nd.edu/mathscinet-getitem?mr=2278671}}

@article{Dai_2000_Head-on-collisi,
	Author = {Hui-Hui Dai and Shiqiang Dai and Yi Huo},
	Date-Added = {2009-10-05 14:34:45 -0400},
	Date-Modified = {2009-10-11 21:24:26 -0400},
	Journal = {Wave Motion},
	Number = {2},
	Pages = {93--111},
	Rating = {0},
	Title = {Head-on collision between two solitary waves in a compressible Mooney-Rivlin elastic rod},
	Uri = {papers://EB99A1B2-D6E1-410B-8769-12F7E2B8831E/Paper/p250},
	Volume = {32},
	Year = {2000},
	Bdsk-File-1 = {YnBsaXN0MDDUAQIDBAUIJidUJHRvcFgkb2JqZWN0c1gkdmVyc2lvblkkYXJjaGl2ZXLRBgdUcm9vdIABqAkKFRYXGyIjVSRudWxs0wsMDQ4RFFpOUy5vYmplY3RzV05TLmtleXNWJGNsYXNzog8QgASABqISE4ACgAOAB1lhbGlhc0RhdGFccmVsYXRpdmVQYXRo0hgNGRpXTlMuZGF0YU8RAuAAAAAAAuAAAgAADE1hY2ludG9zaCBIRAAAAAAAAAAAAAAAAAAAAMfOW6BIKwAAABBS7h9EYWlfSGVhZC1vbiBjb2xsaXNpbyMxMDUzMTEucGRmAAAAAAAAAAAAAAAAAAAAAAAAAAAAAAAAAAAAAAAAAAAAEFMRxvgY0AAAAAAAAAAAAAEAAgAACSAAAAAAAAAAAAAAAAAAAAAGUGFwZXJzABAACAAAx86T4AAAABEACAAAxvhREAAAAAEAFAAQUu4AEFLsAA/YDgAP0EUAD9AXAAIAWE1hY2ludG9zaCBIRDpVc2VyczpkYXZpZGthcmFwZXR5YW46RG9jdW1lbnRzOk1hdGg6UGFwZXJzOkRhaV9IZWFkLW9uIGNvbGxpc2lvIzEwNTMxMS5wZGYADgDiAHAARABhAGkAXwBIAGUAYQBkAC0AbwBuACAAYwBvAGwAbABpAHMAaQBvAG4AIABiAGUAdAB3AGUAZQBuACAAdAB3AG8AIABzAG8AbABpAHQAYQByAHkAIAB3AGEAdgBlAHMAIABpAG4AIABhACAAYwBvAG0AcAByAGUAcwBzAGkAYgBsAGUAIABNAG8AbwBuAGUAeQAtAFIAaQB2AGwAaQBuACAAZQBsAGEAcwB0AGkAYwAgAHIAbwBkAF8AVwBhAHYAZQAgAE0AbwB0AGkAbwBuAF8AMAAwAGEALgBwAGQAZgAPABoADABNAGEAYwBpAG4AdABvAHMAaAAgAEgARAASAJxVc2Vycy9kYXZpZGthcmFwZXR5YW4vRG9jdW1lbnRzL01hdGgvUGFwZXJzL0RhaV9IZWFkLW9uIGNvbGxpc2lvbiBiZXR3ZWVuIHR3byBzb2xpdGFyeSB3YXZlcyBpbiBhIGNvbXByZXNzaWJsZSBNb29uZXktUml2bGluIGVsYXN0aWMgcm9kX1dhdmUgTW90aW9uXzAwYS5wZGYAEwABLwAAFQACABb//wAAgAXSHB0eH1gkY2xhc3Nlc1okY2xhc3NuYW1lox8gIV1OU011dGFibGVEYXRhVk5TRGF0YVhOU09iamVjdF8Qei4uL1BhcGVycy9EYWlfSGVhZC1vbiBjb2xsaXNpb24gYmV0d2VlbiB0d28gc29saXRhcnkgd2F2ZXMgaW4gYSBjb21wcmVzc2libGUgTW9vbmV5LVJpdmxpbiBlbGFzdGljIHJvZF9XYXZlIE1vdGlvbl8wMGEucGRm0hwdJCWiJSFcTlNEaWN0aW9uYXJ5EgABhqBfEA9OU0tleWVkQXJjaGl2ZXIACAARABYAHwAoADIANQA6ADwARQBLAFIAXQBlAGwAbwBxAHMAdgB4AHoAfACGAJMAmACgA4QDhgOLA5QDnwOjA7EDuAPBBD4EQwRGBFMEWAAAAAAAAAIBAAAAAAAAACgAAAAAAAAAAAAAAAAAAARq},
	Bdsk-Url-1 = {http://www.ams.org.proxy.library.nd.edu/mathscinet-getitem?mr=1766535}}

@article{Dai_1998_Model-equations,
	Author = {H-H Dai},
	Date-Added = {2009-10-05 14:34:45 -0400},
	Date-Modified = {2009-10-11 21:24:26 -0400},
	Journal = {Acta Mech.},
	Number = {1-4},
	Pages = {193--207},
	Rating = {0},
	Title = {Model equations for nonlinear dispersive waves in a compressible Mooney-Rivlin rod},
	Uri = {papers://EB99A1B2-D6E1-410B-8769-12F7E2B8831E/Paper/p221},
	Volume = {127},
	Year = {1998},
	Bdsk-File-1 = {YnBsaXN0MDDUAQIDBAUIJidUJHRvcFgkb2JqZWN0c1gkdmVyc2lvblkkYXJjaGl2ZXLRBgdUcm9vdIABqAkKFRYXGyIjVSRudWxs0wsMDQ4RFFpOUy5vYmplY3RzV05TLmtleXNWJGNsYXNzog8QgASABqISE4ACgAOAB1lhbGlhc0RhdGFccmVsYXRpdmVQYXRo0hgNGRpXTlMuZGF0YU8RAswAAAAAAswAAgAADE1hY2ludG9zaCBIRAAAAAAAAAAAAAAAAAAAAMfOW6BIKwAAABBS7h9EYWlfTW9kZWwgZXF1YXRpb25zICMxMDUzMTIucGRmAAAAAAAAAAAAAAAAAAAAAAAAAAAAAAAAAAAAAAAAAAAAEFMSxvgXdAAAAAAAAAAAAAEAAgAACSAAAAAAAAAAAAAAAAAAAAAGUGFwZXJzABAACAAAx86T4AAAABEACAAAxvhPtAAAAAEAFAAQUu4AEFLsAA/YDgAP0EUAD9AXAAIAWE1hY2ludG9zaCBIRDpVc2VyczpkYXZpZGthcmFwZXR5YW46RG9jdW1lbnRzOk1hdGg6UGFwZXJzOkRhaV9Nb2RlbCBlcXVhdGlvbnMgIzEwNTMxMi5wZGYADgDUAGkARABhAGkAXwBNAG8AZABlAGwAIABlAHEAdQBhAHQAaQBvAG4AcwAgAGYAbwByACAAbgBvAG4AbABpAG4AZQBhAHIAIABkAGkAcwBwAGUAcgBzAGkAdgBlACAAdwBhAHYAZQBzACAAaQBuACAAYQAgAGMAbwBtAHAAcgBlAHMAcwBpAGIAbABlACAATQBvAG8AbgBlAHkALQBSAGkAdgBsAGkAbgAgAHIAbwBkAF8AQQBjAHQAYQAgAE0AZQBjAGgALgBfADkAOABhAC4AcABkAGYADwAaAAwATQBhAGMAaQBuAHQAbwBzAGgAIABIAEQAEgCVVXNlcnMvZGF2aWRrYXJhcGV0eWFuL0RvY3VtZW50cy9NYXRoL1BhcGVycy9EYWlfTW9kZWwgZXF1YXRpb25zIGZvciBub25saW5lYXIgZGlzcGVyc2l2ZSB3YXZlcyBpbiBhIGNvbXByZXNzaWJsZSBNb29uZXktUml2bGluIHJvZF9BY3RhIE1lY2guXzk4YS5wZGYAABMAAS8AABUAAgAW//8AAIAF0hwdHh9YJGNsYXNzZXNaJGNsYXNzbmFtZaMfICFdTlNNdXRhYmxlRGF0YVZOU0RhdGFYTlNPYmplY3RfEHMuLi9QYXBlcnMvRGFpX01vZGVsIGVxdWF0aW9ucyBmb3Igbm9ubGluZWFyIGRpc3BlcnNpdmUgd2F2ZXMgaW4gYSBjb21wcmVzc2libGUgTW9vbmV5LVJpdmxpbiByb2RfQWN0YSBNZWNoLl85OGEucGRm0hwdJCWiJSFcTlNEaWN0aW9uYXJ5EgABhqBfEA9OU0tleWVkQXJjaGl2ZXIACAARABYAHwAoADIANQA6ADwARQBLAFIAXQBlAGwAbwBxAHMAdgB4AHoAfACGAJMAmACgA3ADcgN3A4ADiwOPA50DpAOtBCMEKAQrBDgEPQAAAAAAAAIBAAAAAAAAACgAAAAAAAAAAAAAAAAAAARP},
	Bdsk-Url-1 = {http://www.ams.org.proxy.library.nd.edu/mathscinet-getitem?mr=1606738}}

@article{Holden_2007_Global-conserva,
	Author = {Helge Holden and Xavier Raynaud},
	Date-Added = {2009-10-05 14:34:45 -0400},
	Date-Modified = {2009-10-11 21:24:26 -0400},
	Journal = {J. Differential Equations},
	Number = {2},
	Pages = {448--484},
	Rating = {0},
	Title = {Global conservative solutions of the generalized hyperelastic-rod wave equation},
	Uri = {papers://EB99A1B2-D6E1-410B-8769-12F7E2B8831E/Paper/p254},
	Volume = {233},
	Year = {2007},
	Bdsk-File-1 = {YnBsaXN0MDDUAQIDBAUIJidUJHRvcFgkb2JqZWN0c1gkdmVyc2lvblkkYXJjaGl2ZXLRBgdUcm9vdIABqAkKFRYXGyIjVSRudWxs0wsMDQ4RFFpOUy5vYmplY3RzV05TLmtleXNWJGNsYXNzog8QgASABqISE4ACgAOAB1lhbGlhc0RhdGFccmVsYXRpdmVQYXRo0hgNGRpXTlMuZGF0YU8RAvgAAAAAAvgAAgAADE1hY2ludG9zaCBIRAAAAAAAAAAAAAAAAAAAAMfOW6BIKwAAABBS7h9Ib2xkZW5fR2xvYmFsIGNvbnNlciMxMDUzMjEucGRmAAAAAAAAAAAAAAAAAAAAAAAAAAAAAAAAAAAAAAAAAAAAEFMhxvgjhAAAAAAAAAAAAAEAAgAACSAAAAAAAAAAAAAAAAAAAAAGUGFwZXJzABAACAAAx86T4AAAABEACAAAxvhbxAAAAAEAFAAQUu4AEFLsAA/YDgAP0EUAD9AXAAIAWE1hY2ludG9zaCBIRDpVc2VyczpkYXZpZGthcmFwZXR5YW46RG9jdW1lbnRzOk1hdGg6UGFwZXJzOkhvbGRlbl9HbG9iYWwgY29uc2VyIzEwNTMyMS5wZGYADgDyAHgASABvAGwAZABlAG4AXwBHAGwAbwBiAGEAbAAgAGMAbwBuAHMAZQByAHYAYQB0AGkAdgBlACAAcwBvAGwAdQB0AGkAbwBuAHMAIABvAGYAIAB0AGgAZQAgAGcAZQBuAGUAcgBhAGwAaQB6AGUAZAAgAGgAeQBwAGUAcgBlAGwAYQBzAHQAaQBjAC0AcgBvAGQAIAB3AGEAdgBlACAAZQBxAHUAYQB0AGkAbwBuAF8ASgAuACAARABpAGYAZgBlAHIAZQBuAHQAaQBhAGwAIABFAHEAdQBhAHQAaQBvAG4AcwBfADAANwBhAC4AcABkAGYADwAaAAwATQBhAGMAaQBuAHQAbwBzAGgAIABIAEQAEgCkVXNlcnMvZGF2aWRrYXJhcGV0eWFuL0RvY3VtZW50cy9NYXRoL1BhcGVycy9Ib2xkZW5fR2xvYmFsIGNvbnNlcnZhdGl2ZSBzb2x1dGlvbnMgb2YgdGhlIGdlbmVyYWxpemVkIGh5cGVyZWxhc3RpYy1yb2Qgd2F2ZSBlcXVhdGlvbl9KLiBEaWZmZXJlbnRpYWwgRXF1YXRpb25zXzA3YS5wZGYAEwABLwAAFQACABb//wAAgAXSHB0eH1gkY2xhc3Nlc1okY2xhc3NuYW1lox8gIV1OU011dGFibGVEYXRhVk5TRGF0YVhOU09iamVjdF8Qgi4uL1BhcGVycy9Ib2xkZW5fR2xvYmFsIGNvbnNlcnZhdGl2ZSBzb2x1dGlvbnMgb2YgdGhlIGdlbmVyYWxpemVkIGh5cGVyZWxhc3RpYy1yb2Qgd2F2ZSBlcXVhdGlvbl9KLiBEaWZmZXJlbnRpYWwgRXF1YXRpb25zXzA3YS5wZGbSHB0kJaIlIVxOU0RpY3Rpb25hcnkSAAGGoF8QD05TS2V5ZWRBcmNoaXZlcgAIABEAFgAfACgAMgA1ADoAPABFAEsAUgBdAGUAbABvAHEAcwB2AHgAegB8AIYAkwCYAKADnAOeA6MDrAO3A7sDyQPQA9kEXgRjBGYEcwR4AAAAAAAAAgEAAAAAAAAAKAAAAAAAAAAAAAAAAAAABIo=},
	Bdsk-Url-1 = {http://www.ams.org.proxy.library.nd.edu/mathscinet-getitem?mr=2292515}}

@article{Misioek_2002_Classical-solut,
	Author = {G Misio{\l}ek},
	Date-Added = {2009-10-05 14:34:45 -0400},
	Date-Modified = {2009-10-11 21:24:26 -0400},
	Journal = {Geom. Funct. Anal.},
	Number = {5},
	Pages = {1080--1104},
	Rating = {0},
	Title = {Classical solutions of the periodic Camassa-Holm equation},
	Uri = {papers://EB99A1B2-D6E1-410B-8769-12F7E2B8831E/Paper/p226},
	Volume = {12},
	Year = {2002},
	Bdsk-File-1 = {YnBsaXN0MDDUAQIDBAUIJidUJHRvcFgkb2JqZWN0c1gkdmVyc2lvblkkYXJjaGl2ZXLRBgdUcm9vdIABqAkKFRYXGyIjVSRudWxs0wsMDQ4RFFpOUy5vYmplY3RzV05TLmtleXNWJGNsYXNzog8QgASABqISE4ACgAOAB1lhbGlhc0RhdGFccmVsYXRpdmVQYXRo0hgNGRpXTlMuZGF0YU8RApoAAAAAApoAAgAADE1hY2ludG9zaCBIRAAAAAAAAAAAAAAAAAAAAMfOW6BIKwAAABBS7hBNaXNpbyMxMDUzMkYucGRmAAAAAAAAAAAAAAAAAAAAAAAAAAAAAAAAAAAAAAAAAAAAAAAAAAAAAAAAAAAAAAAAEFMvxvguIAAAAAAAAAAAAAEAAgAACSAAAAAAAAAAAAAAAAAAAAAGUGFwZXJzABAACAAAx86T4AAAABEACAAAxvhmYAAAAAEAFAAQUu4AEFLsAA/YDgAP0EUAD9AXAAIASU1hY2ludG9zaCBIRDpVc2VyczpkYXZpZGthcmFwZXR5YW46RG9jdW1lbnRzOk1hdGg6UGFwZXJzOk1pc2lvIzEwNTMyRi5wZGYAAA4AvABdAE0AaQBzAGkAbwFCAGUAawBfAEMAbABhAHMAcwBpAGMAYQBsACAAcwBvAGwAdQB0AGkAbwBuAHMAIABvAGYAIAB0AGgAZQAgAHAAZQByAGkAbwBkAGkAYwAgAEMAYQBtAGEAcwBzAGEALQBIAG8AbABtACAAZQBxAHUAYQB0AGkAbwBuAF8ARwBlAG8AbQAuACAARgB1AG4AYwB0AC4AIABBAG4AYQBsAC4AXwAwADIAYQAuAHAAZABmAA8AGgAMAE0AYQBjAGkAbgB0AG8AcwBoACAASABEABIAilVzZXJzL2Rhdmlka2FyYXBldHlhbi9Eb2N1bWVudHMvTWF0aC9QYXBlcnMvTWlzaW/FgmVrX0NsYXNzaWNhbCBzb2x1dGlvbnMgb2YgdGhlIHBlcmlvZGljIENhbWFzc2EtSG9sbSBlcXVhdGlvbl9HZW9tLiBGdW5jdC4gQW5hbC5fMDJhLnBkZgATAAEvAAAVAAIAFv//AACABdIcHR4fWCRjbGFzc2VzWiRjbGFzc25hbWWjHyAhXU5TTXV0YWJsZURhdGFWTlNEYXRhWE5TT2JqZWN0bxBnAC4ALgAvAFAAYQBwAGUAcgBzAC8ATQBpAHMAaQBvAUIAZQBrAF8AQwBsAGEAcwBzAGkAYwBhAGwAIABzAG8AbAB1AHQAaQBvAG4AcwAgAG8AZgAgAHQAaABlACAAcABlAHIAaQBvAGQAaQBjACAAQwBhAG0AYQBzAHMAYQAtAEgAbwBsAG0AIABlAHEAdQBhAHQAaQBvAG4AXwBHAGUAbwBtAC4AIABGAHUAbgBjAHQALgAgAEEAbgBhAGwALgBfADAAMgBhAC4AcABkAGbSHB0kJaIlIVxOU0RpY3Rpb25hcnkSAAGGoF8QD05TS2V5ZWRBcmNoaXZlcgAIABEAFgAfACgAMgA1ADoAPABFAEsAUgBdAGUAbABvAHEAcwB2AHgAegB8AIYAkwCYAKADPgNAA0UDTgNZA10DawNyA3sETARRBFQEYQRmAAAAAAAAAgEAAAAAAAAAKAAAAAAAAAAAAAAAAAAABHg=},
	Bdsk-Url-1 = {http://www.ams.org.proxy.library.nd.edu/mathscinet-getitem?mr=1937835}}

@article{Liu_2004_Compactons-in-a,
	Author = {Zhengrong Liu and Can Chen},
	Date-Added = {2009-10-05 14:34:45 -0400},
	Date-Modified = {2009-10-11 21:24:26 -0400},
	Journal = {Chaos Solitons Fractals},
	Number = {3},
	Pages = {627--640},
	Rating = {0},
	Title = {Compactons in a general compressible hyperelastic rod},
	Uri = {papers://EB99A1B2-D6E1-410B-8769-12F7E2B8831E/Paper/p233},
	Volume = {22},
	Year = {2004},
	Bdsk-File-1 = {YnBsaXN0MDDUAQIDBAUIJidUJHRvcFgkb2JqZWN0c1gkdmVyc2lvblkkYXJjaGl2ZXLRBgdUcm9vdIABqAkKFRYXGyIjVSRudWxs0wsMDQ4RFFpOUy5vYmplY3RzV05TLmtleXNWJGNsYXNzog8QgASABqISE4ACgAOAB1lhbGlhc0RhdGFccmVsYXRpdmVQYXRo0hgNGRpXTlMuZGF0YU8RApwAAAAAApwAAgAADE1hY2ludG9zaCBIRAAAAAAAAAAAAAAAAAAAAMfOW6BIKwAAABBS7h9MaXVfQ29tcGFjdG9ucyBpbiBhICMxMDUzMkMucGRmAAAAAAAAAAAAAAAAAAAAAAAAAAAAAAAAAAAAAAAAAAAAEFMsxvgstQAAAAAAAAAAAAEAAgAACSAAAAAAAAAAAAAAAAAAAAAGUGFwZXJzABAACAAAx86T4AAAABEACAAAxvhk9QAAAAEAFAAQUu4AEFLsAA/YDgAP0EUAD9AXAAIAWE1hY2ludG9zaCBIRDpVc2VyczpkYXZpZGthcmFwZXR5YW46RG9jdW1lbnRzOk1hdGg6UGFwZXJzOkxpdV9Db21wYWN0b25zIGluIGEgIzEwNTMyQy5wZGYADgC0AFkATABpAHUAXwBDAG8AbQBwAGEAYwB0AG8AbgBzACAAaQBuACAAYQAgAGcAZQBuAGUAcgBhAGwAIABjAG8AbQBwAHIAZQBzAHMAaQBiAGwAZQAgAGgAeQBwAGUAcgBlAGwAYQBzAHQAaQBjACAAcgBvAGQAXwBDAGgAYQBvAHMAIABTAG8AbABpAHQAbwBuAHMAIABGAHIAYQBjAHQAYQBsAHMAXwAwADQAYQAuAHAAZABmAA8AGgAMAE0AYQBjAGkAbgB0AG8AcwBoACAASABEABIAhVVzZXJzL2Rhdmlka2FyYXBldHlhbi9Eb2N1bWVudHMvTWF0aC9QYXBlcnMvTGl1X0NvbXBhY3RvbnMgaW4gYSBnZW5lcmFsIGNvbXByZXNzaWJsZSBoeXBlcmVsYXN0aWMgcm9kX0NoYW9zIFNvbGl0b25zIEZyYWN0YWxzXzA0YS5wZGYAABMAAS8AABUAAgAW//8AAIAF0hwdHh9YJGNsYXNzZXNaJGNsYXNzbmFtZaMfICFdTlNNdXRhYmxlRGF0YVZOU0RhdGFYTlNPYmplY3RfEGMuLi9QYXBlcnMvTGl1X0NvbXBhY3RvbnMgaW4gYSBnZW5lcmFsIGNvbXByZXNzaWJsZSBoeXBlcmVsYXN0aWMgcm9kX0NoYW9zIFNvbGl0b25zIEZyYWN0YWxzXzA0YS5wZGbSHB0kJaIlIVxOU0RpY3Rpb25hcnkSAAGGoF8QD05TS2V5ZWRBcmNoaXZlcgAIABEAFgAfACgAMgA1ADoAPABFAEsAUgBdAGUAbABvAHEAcwB2AHgAegB8AIYAkwCYAKADQANCA0cDUANbA18DbQN0A30D4wPoA+sD+AP9AAAAAAAAAgEAAAAAAAAAKAAAAAAAAAAAAAAAAAAABA8=},
	Bdsk-Url-1 = {http://www.ams.org.proxy.library.nd.edu/mathscinet-getitem?mr=2062739}}

@article{Ivanov_2005_On-the-integrab,
	Author = {Rossen Ivanov},
	Date-Added = {2009-10-05 14:34:45 -0400},
	Date-Modified = {2009-10-11 21:24:26 -0400},
	Journal = {J. Nonlinear Math. Phys.},
	Number = {4},
	Pages = {462--468},
	Rating = {0},
	Title = {On the integrability of a class of nonlinear dispersive wave equations},
	Uri = {papers://EB99A1B2-D6E1-410B-8769-12F7E2B8831E/Paper/p247},
	Volume = {12},
	Year = {2005},
	Bdsk-File-1 = {YnBsaXN0MDDUAQIDBAUIJidUJHRvcFgkb2JqZWN0c1gkdmVyc2lvblkkYXJjaGl2ZXLRBgdUcm9vdIABqAkKFRYXGyIjVSRudWxs0wsMDQ4RFFpOUy5vYmplY3RzV05TLmtleXNWJGNsYXNzog8QgASABqISE4ACgAOAB1lhbGlhc0RhdGFccmVsYXRpdmVQYXRo0hgNGRpXTlMuZGF0YU8RAtoAAAAAAtoAAgAADE1hY2ludG9zaCBIRAAAAAAAAAAAAAAAAAAAAMfOW6BIKwAAABBS7h9JdmFub3ZfT24gdGhlIGludGVnciMxMDUzMjIucGRmAAAAAAAAAAAAAAAAAAAAAAAAAAAAAAAAAAAAAAAAAAAAEFMixvgmggAAAAAAAAAAAAEAAgAACSAAAAAAAAAAAAAAAAAAAAAGUGFwZXJzABAACAAAx86T4AAAABEACAAAxvhewgAAAAEAFAAQUu4AEFLsAA/YDgAP0EUAD9AXAAIAWE1hY2ludG9zaCBIRDpVc2VyczpkYXZpZGthcmFwZXR5YW46RG9jdW1lbnRzOk1hdGg6UGFwZXJzOkl2YW5vdl9PbiB0aGUgaW50ZWdyIzEwNTMyMi5wZGYADgDeAG4ASQB2AGEAbgBvAHYAXwBPAG4AIAB0AGgAZQAgAGkAbgB0AGUAZwByAGEAYgBpAGwAaQB0AHkAIABvAGYAIABhACAAYwBsAGEAcwBzACAAbwBmACAAbgBvAG4AbABpAG4AZQBhAHIAIABkAGkAcwBwAGUAcgBzAGkAdgBlACAAdwBhAHYAZQAgAGUAcQB1AGEAdABpAG8AbgBzAF8ASgAuACAATgBvAG4AbABpAG4AZQBhAHIAIABNAGEAdABoAC4AIABQAGgAeQBzAC4AXwAwADUAYQAuAHAAZABmAA8AGgAMAE0AYQBjAGkAbgB0AG8AcwBoACAASABEABIAmlVzZXJzL2Rhdmlka2FyYXBldHlhbi9Eb2N1bWVudHMvTWF0aC9QYXBlcnMvSXZhbm92X09uIHRoZSBpbnRlZ3JhYmlsaXR5IG9mIGEgY2xhc3Mgb2Ygbm9ubGluZWFyIGRpc3BlcnNpdmUgd2F2ZSBlcXVhdGlvbnNfSi4gTm9ubGluZWFyIE1hdGguIFBoeXMuXzA1YS5wZGYAEwABLwAAFQACABb//wAAgAXSHB0eH1gkY2xhc3Nlc1okY2xhc3NuYW1lox8gIV1OU011dGFibGVEYXRhVk5TRGF0YVhOU09iamVjdF8QeC4uL1BhcGVycy9JdmFub3ZfT24gdGhlIGludGVncmFiaWxpdHkgb2YgYSBjbGFzcyBvZiBub25saW5lYXIgZGlzcGVyc2l2ZSB3YXZlIGVxdWF0aW9uc19KLiBOb25saW5lYXIgTWF0aC4gUGh5cy5fMDVhLnBkZtIcHSQloiUhXE5TRGljdGlvbmFyeRIAAYagXxAPTlNLZXllZEFyY2hpdmVyAAgAEQAWAB8AKAAyADUAOgA8AEUASwBSAF0AZQBsAG8AcQBzAHYAeAB6AHwAhgCTAJgAoAN+A4ADhQOOA5kDnQOrA7IDuwQ2BDsEPgRLBFAAAAAAAAACAQAAAAAAAAAoAAAAAAAAAAAAAAAAAAAEYg==},
	Bdsk-Url-1 = {http://www.ams.org.proxy.library.nd.edu/mathscinet-getitem?mr=2171998}}

@article{Yin_2003_On-the-Cauchy-p,
	Author = {Zhaoyang Yin},
	Date-Added = {2009-10-05 14:34:45 -0400},
	Date-Modified = {2009-10-11 21:24:26 -0400},
	Journal = {J. Nonlinear Math. Phys.},
	Number = {1},
	Pages = {10--15},
	Rating = {0},
	Title = {On the Cauchy problem for a nonlinearly dispersive wave equation},
	Uri = {papers://EB99A1B2-D6E1-410B-8769-12F7E2B8831E/Paper/p248},
	Volume = {10},
	Year = {2003},
	Bdsk-File-1 = {YnBsaXN0MDDUAQIDBAUIJidUJHRvcFgkb2JqZWN0c1gkdmVyc2lvblkkYXJjaGl2ZXLRBgdUcm9vdIABqAkKFRYXGyIjVSRudWxs0wsMDQ4RFFpOUy5vYmplY3RzV05TLmtleXNWJGNsYXNzog8QgASABqISE4ACgAOAB1lhbGlhc0RhdGFccmVsYXRpdmVQYXRo0hgNGRpXTlMuZGF0YU8RAsAAAAAAAsAAAgAADE1hY2ludG9zaCBIRAAAAAAAAAAAAAAAAAAAAMfOW6BIKwAAABBS7h9ZaW5fT24gdGhlIENhdWNoeSBwciMxMDUzM0EucGRmAAAAAAAAAAAAAAAAAAAAAAAAAAAAAAAAAAAAAAAAAAAAEFM6xvg7iwAAAAAAAAAAAAEAAgAACSAAAAAAAAAAAAAAAAAAAAAGUGFwZXJzABAACAAAx86T4AAAABEACAAAxvhzywAAAAEAFAAQUu4AEFLsAA/YDgAP0EUAD9AXAAIAWE1hY2ludG9zaCBIRDpVc2VyczpkYXZpZGthcmFwZXR5YW46RG9jdW1lbnRzOk1hdGg6UGFwZXJzOllpbl9PbiB0aGUgQ2F1Y2h5IHByIzEwNTMzQS5wZGYADgDMAGUAWQBpAG4AXwBPAG4AIAB0AGgAZQAgAEMAYQB1AGMAaAB5ACAAcAByAG8AYgBsAGUAbQAgAGYAbwByACAAYQAgAG4AbwBuAGwAaQBuAGUAYQByAGwAeQAgAGQAaQBzAHAAZQByAHMAaQB2AGUAIAB3AGEAdgBlACAAZQBxAHUAYQB0AGkAbwBuAF8ASgAuACAATgBvAG4AbABpAG4AZQBhAHIAIABNAGEAdABoAC4AIABQAGgAeQBzAC4AXwAwADMAYQAuAHAAZABmAA8AGgAMAE0AYQBjAGkAbgB0AG8AcwBoACAASABEABIAkVVzZXJzL2Rhdmlka2FyYXBldHlhbi9Eb2N1bWVudHMvTWF0aC9QYXBlcnMvWWluX09uIHRoZSBDYXVjaHkgcHJvYmxlbSBmb3IgYSBub25saW5lYXJseSBkaXNwZXJzaXZlIHdhdmUgZXF1YXRpb25fSi4gTm9ubGluZWFyIE1hdGguIFBoeXMuXzAzYS5wZGYAABMAAS8AABUAAgAW//8AAIAF0hwdHh9YJGNsYXNzZXNaJGNsYXNzbmFtZaMfICFdTlNNdXRhYmxlRGF0YVZOU0RhdGFYTlNPYmplY3RfEG8uLi9QYXBlcnMvWWluX09uIHRoZSBDYXVjaHkgcHJvYmxlbSBmb3IgYSBub25saW5lYXJseSBkaXNwZXJzaXZlIHdhdmUgZXF1YXRpb25fSi4gTm9ubGluZWFyIE1hdGguIFBoeXMuXzAzYS5wZGbSHB0kJaIlIVxOU0RpY3Rpb25hcnkSAAGGoF8QD05TS2V5ZWRBcmNoaXZlcgAIABEAFgAfACgAMgA1ADoAPABFAEsAUgBdAGUAbABvAHEAcwB2AHgAegB8AIYAkwCYAKADZANmA2sDdAN/A4MDkQOYA6EEEwQYBBsEKAQtAAAAAAAAAgEAAAAAAAAAKAAAAAAAAAAAAAAAAAAABD8=},
	Bdsk-Url-1 = {http://www.ams.org.proxy.library.nd.edu/mathscinet-getitem?mr=1952863}}

@article{Zhou_2005_Local-well-pose,
	Author = {Yong Zhou},
	Date-Added = {2009-10-05 14:34:45 -0400},
	Date-Modified = {2009-10-11 21:24:26 -0400},
	Journal = {Math. Nachr.},
	Number = {14},
	Pages = {1726--1739},
	Rating = {0},
	Title = {Local well-posedness and blow-up criteria of solutions for a rod equation},
	Uri = {papers://EB99A1B2-D6E1-410B-8769-12F7E2B8831E/Paper/p246},
	Volume = {278},
	Year = {2005},
	Bdsk-File-1 = {YnBsaXN0MDDUAQIDBAUIJidUJHRvcFgkb2JqZWN0c1gkdmVyc2lvblkkYXJjaGl2ZXLRBgdUcm9vdIABqAkKFRYXGyIjVSRudWxs0wsMDQ4RFFpOUy5vYmplY3RzV05TLmtleXNWJGNsYXNzog8QgASABqISE4ACgAOAB1lhbGlhc0RhdGFccmVsYXRpdmVQYXRo0hgNGRpXTlMuZGF0YU8RAroAAAAAAroAAgAADE1hY2ludG9zaCBIRAAAAAAAAAAAAAAAAAAAAMfOW6BIKwAAABBS7h9aaG91X0xvY2FsIHdlbGwtcG9zZSMxMDUzM0IucGRmAAAAAAAAAAAAAAAAAAAAAAAAAAAAAAAAAAAAAAAAAAAAEFM7xvg77AAAAAAAAAAAAAEAAgAACSAAAAAAAAAAAAAAAAAAAAAGUGFwZXJzABAACAAAx86T4AAAABEACAAAxvh0LAAAAAEAFAAQUu4AEFLsAA/YDgAP0EUAD9AXAAIAWE1hY2ludG9zaCBIRDpVc2VyczpkYXZpZGthcmFwZXR5YW46RG9jdW1lbnRzOk1hdGg6UGFwZXJzOlpob3VfTG9jYWwgd2VsbC1wb3NlIzEwNTMzQi5wZGYADgDIAGMAWgBoAG8AdQBfAEwAbwBjAGEAbAAgAHcAZQBsAGwALQBwAG8AcwBlAGQAbgBlAHMAcwAgAGEAbgBkACAAYgBsAG8AdwAtAHUAcAAgAGMAcgBpAHQAZQByAGkAYQAgAG8AZgAgAHMAbwBsAHUAdABpAG8AbgBzACAAZgBvAHIAIABhACAAcgBvAGQAIABlAHEAdQBhAHQAaQBvAG4AXwBNAGEAdABoAC4AIABOAGEAYwBoAHIALgBfADAANQBhAC4AcABkAGYADwAaAAwATQBhAGMAaQBuAHQAbwBzAGgAIABIAEQAEgCPVXNlcnMvZGF2aWRrYXJhcGV0eWFuL0RvY3VtZW50cy9NYXRoL1BhcGVycy9aaG91X0xvY2FsIHdlbGwtcG9zZWRuZXNzIGFuZCBibG93LXVwIGNyaXRlcmlhIG9mIHNvbHV0aW9ucyBmb3IgYSByb2QgZXF1YXRpb25fTWF0aC4gTmFjaHIuXzA1YS5wZGYAABMAAS8AABUAAgAW//8AAIAF0hwdHh9YJGNsYXNzZXNaJGNsYXNzbmFtZaMfICFdTlNNdXRhYmxlRGF0YVZOU0RhdGFYTlNPYmplY3RfEG0uLi9QYXBlcnMvWmhvdV9Mb2NhbCB3ZWxsLXBvc2VkbmVzcyBhbmQgYmxvdy11cCBjcml0ZXJpYSBvZiBzb2x1dGlvbnMgZm9yIGEgcm9kIGVxdWF0aW9uX01hdGguIE5hY2hyLl8wNWEucGRm0hwdJCWiJSFcTlNEaWN0aW9uYXJ5EgABhqBfEA9OU0tleWVkQXJjaGl2ZXIACAARABYAHwAoADIANQA6ADwARQBLAFIAXQBlAGwAbwBxAHMAdgB4AHoAfACGAJMAmACgA14DYANlA24DeQN9A4sDkgObBAsEEAQTBCAEJQAAAAAAAAIBAAAAAAAAACgAAAAAAAAAAAAAAAAAAAQ3},
	Bdsk-Url-1 = {http://www.ams.org.proxy.library.nd.edu/mathscinet-getitem?mr=2176676}}

@article{Himonas_2007_Non-uniform-con,
	Author = {Alex Himonas and Gerard Misio{\l}ek and Gustavo Ponce},
	Date-Added = {2009-10-05 14:34:45 -0400},
	Date-Modified = {2009-10-11 21:24:26 -0400},
	Journal = {Asian J. Math.},
	Number = {1},
	Pages = {141--150},
	Rating = {0},
	Title = {Non-uniform continuity in {$H\sp 1$} of the solution map of the CH equation},
	Uri = {papers://EB99A1B2-D6E1-410B-8769-12F7E2B8831E/Paper/p227},
	Volume = {11},
	Year = {2007},
	Bdsk-File-1 = {YnBsaXN0MDDUAQIDBAUIJidUJHRvcFgkb2JqZWN0c1gkdmVyc2lvblkkYXJjaGl2ZXLRBgdUcm9vdIABqAkKFRYXGyIjVSRudWxs0wsMDQ4RFFpOUy5vYmplY3RzV05TLmtleXNWJGNsYXNzog8QgASABqISE4ACgAOAB1lhbGlhc0RhdGFccmVsYXRpdmVQYXRo0hgNGRpXTlMuZGF0YU8RAsgAAAAAAsgAAgAADE1hY2ludG9zaCBIRAAAAAAAAAAAAAAAAAAAAMfOW6BIKwAAABBS7h9IaW1vbmFzX05vbi11bmlmb3JtICMxMDUzMjAucGRmAAAAAAAAAAAAAAAAAAAAAAAAAAAAAAAAAAAAAAAAAAAAEFMgxvgfbwAAAAAAAAAAAAEAAgAACSAAAAAAAAAAAAAAAAAAAAAGUGFwZXJzABAACAAAx86T4AAAABEACAAAxvhXrwAAAAEAFAAQUu4AEFLsAA/YDgAP0EUAD9AXAAIAWE1hY2ludG9zaCBIRDpVc2VyczpkYXZpZGthcmFwZXR5YW46RG9jdW1lbnRzOk1hdGg6UGFwZXJzOkhpbW9uYXNfTm9uLXVuaWZvcm0gIzEwNTMyMC5wZGYADgDSAGgASABpAG0AbwBuAGEAcwBfAE4AbwBuAC0AdQBuAGkAZgBvAHIAbQAgAGMAbwBuAHQAaQBuAHUAaQB0AHkAIABpAG4AIAAkAEgAXABzAHAAIAAxACQAIABvAGYAIAB0AGgAZQAgAHMAbwBsAHUAdABpAG8AbgAgAG0AYQBwACAAbwBmACAAdABoAGUAIABDAEgAIABlAHEAdQBhAHQAaQBvAG4AXwBBAHMAaQBhAG4AIABKAC4AIABNAGEAdABoAC4AXwAwADcAYQAuAHAAZABmAA8AGgAMAE0AYQBjAGkAbgB0AG8AcwBoACAASABEABIAlFVzZXJzL2Rhdmlka2FyYXBldHlhbi9Eb2N1bWVudHMvTWF0aC9QYXBlcnMvSGltb25hc19Ob24tdW5pZm9ybSBjb250aW51aXR5IGluICRIXHNwIDEkIG9mIHRoZSBzb2x1dGlvbiBtYXAgb2YgdGhlIENIIGVxdWF0aW9uX0FzaWFuIEouIE1hdGguXzA3YS5wZGYAEwABLwAAFQACABb//wAAgAXSHB0eH1gkY2xhc3Nlc1okY2xhc3NuYW1lox8gIV1OU011dGFibGVEYXRhVk5TRGF0YVhOU09iamVjdF8Qci4uL1BhcGVycy9IaW1vbmFzX05vbi11bmlmb3JtIGNvbnRpbnVpdHkgaW4gJEhcc3AgMSQgb2YgdGhlIHNvbHV0aW9uIG1hcCBvZiB0aGUgQ0ggZXF1YXRpb25fQXNpYW4gSi4gTWF0aC5fMDdhLnBkZtIcHSQloiUhXE5TRGljdGlvbmFyeRIAAYagXxAPTlNLZXllZEFyY2hpdmVyAAgAEQAWAB8AKAAyADUAOgA8AEUASwBSAF0AZQBsAG8AcQBzAHYAeAB6AHwAhgCTAJgAoANsA24DcwN8A4cDiwOZA6ADqQQeBCMEJgQzBDgAAAAAAAACAQAAAAAAAAAoAAAAAAAAAAAAAAAAAAAESg==},
	Bdsk-Url-1 = {http://www.ams.org.proxy.library.nd.edu/mathscinet-getitem?mr=2304587}}

@article{Molinet_2004_On-well-posedne,
	Author = {Luc Molinet},
	Date-Added = {2009-10-05 14:34:45 -0400},
	Date-Modified = {2009-10-11 21:24:26 -0400},
	Journal = {J. Nonlinear Math. Phys.},
	Number = {4},
	Pages = {521--533},
	Rating = {0},
	Title = {On well-posedness results for Camassa-Holm equation on the line: a survey},
	Uri = {papers://EB99A1B2-D6E1-410B-8769-12F7E2B8831E/Paper/p224},
	Volume = {11},
	Year = {2004},
	Bdsk-File-1 = {YnBsaXN0MDDUAQIDBAUIJidUJHRvcFgkb2JqZWN0c1gkdmVyc2lvblkkYXJjaGl2ZXLRBgdUcm9vdIABqAkKFRYXGyIjVSRudWxs0wsMDQ4RFFpOUy5vYmplY3RzV05TLmtleXNWJGNsYXNzog8QgASABqISE4ACgAOAB1lhbGlhc0RhdGFccmVsYXRpdmVQYXRo0hgNGRpXTlMuZGF0YU8RAuQAAAAAAuQAAgAADE1hY2ludG9zaCBIRAAAAAAAAAAAAAAAAAAAAMfOW6BIKwAAABBS7h9Nb2xpbmV0X09uIHdlbGwtcG9zZSMxMDUzMzAucGRmAAAAAAAAAAAAAAAAAAAAAAAAAAAAAAAAAAAAAAAAAAAAEFMwxvgwOgAAAAAAAAAAAAEAAgAACSAAAAAAAAAAAAAAAAAAAAAGUGFwZXJzABAACAAAx86T4AAAABEACAAAxvhoegAAAAEAFAAQUu4AEFLsAA/YDgAP0EUAD9AXAAIAWE1hY2ludG9zaCBIRDpVc2VyczpkYXZpZGthcmFwZXR5YW46RG9jdW1lbnRzOk1hdGg6UGFwZXJzOk1vbGluZXRfT24gd2VsbC1wb3NlIzEwNTMzMC5wZGYADgDkAHEATQBvAGwAaQBuAGUAdABfAE8AbgAgAHcAZQBsAGwALQBwAG8AcwBlAGQAbgBlAHMAcwAgAHIAZQBzAHUAbAB0AHMAIABmAG8AcgAgAEMAYQBtAGEAcwBzAGEALQBIAG8AbABtACAAZQBxAHUAYQB0AGkAbwBuACAAbwBuACAAdABoAGUAIABsAGkAbgBlACAAYQAgAHMAdQByAHYAZQB5AF8ASgAuACAATgBvAG4AbABpAG4AZQBhAHIAIABNAGEAdABoAC4AIABQAGgAeQBzAC4AXwAwADQAYQAuAHAAZABmAA8AGgAMAE0AYQBjAGkAbgB0AG8AcwBoACAASABEABIAnVVzZXJzL2Rhdmlka2FyYXBldHlhbi9Eb2N1bWVudHMvTWF0aC9QYXBlcnMvTW9saW5ldF9PbiB3ZWxsLXBvc2VkbmVzcyByZXN1bHRzIGZvciBDYW1hc3NhLUhvbG0gZXF1YXRpb24gb24gdGhlIGxpbmUgYSBzdXJ2ZXlfSi4gTm9ubGluZWFyIE1hdGguIFBoeXMuXzA0YS5wZGYAABMAAS8AABUAAgAW//8AAIAF0hwdHh9YJGNsYXNzZXNaJGNsYXNzbmFtZaMfICFdTlNNdXRhYmxlRGF0YVZOU0RhdGFYTlNPYmplY3RfEHsuLi9QYXBlcnMvTW9saW5ldF9PbiB3ZWxsLXBvc2VkbmVzcyByZXN1bHRzIGZvciBDYW1hc3NhLUhvbG0gZXF1YXRpb24gb24gdGhlIGxpbmUgYSBzdXJ2ZXlfSi4gTm9ubGluZWFyIE1hdGguIFBoeXMuXzA0YS5wZGbSHB0kJaIlIVxOU0RpY3Rpb25hcnkSAAGGoF8QD05TS2V5ZWRBcmNoaXZlcgAIABEAFgAfACgAMgA1ADoAPABFAEsAUgBdAGUAbABvAHEAcwB2AHgAegB8AIYAkwCYAKADiAOKA48DmAOjA6cDtQO8A8UEQwRIBEsEWARdAAAAAAAAAgEAAAAAAAAAKAAAAAAAAAAAAAAAAAAABG8=},
	Bdsk-Url-1 = {http://www.ams.org.proxy.library.nd.edu/mathscinet-getitem?mr=2097662}}

@article{Himonas_2009_Non-uniform-dep,
	Author = {Alex Himonas and Carlos E. Kenig},
	Date-Added = {2009-10-05 14:34:45 -0400},
	Date-Modified = {2009-11-12 14:02:14 -0500},
	Journal = {Differential Integral Equations},
	Number = {3-4},
	Pages = {201--224},
	Rating = {0},
	Title = {Non-uniform dependence on initial data for the CH equation on the line},
	Uri = {papers://EB99A1B2-D6E1-410B-8769-12F7E2B8831E/Paper/p239},
	Volume = {22},
	Year = {2009},
	Bdsk-Url-1 = {http://www.ams.org.proxy.library.nd.edu/mathscinet-getitem?mr=2492817}}

@article{Ebin_1970_Groups-of-diffe,
	Author = {Ebin, David G. and Marsden, Jerrold},
	Date-Modified = {2009-10-19 16:52:43 -0400},
	Fjournal = {Annals of Mathematics. Second Series},
	Issn = {0003-486X},
	Journal = {Ann. of Math. (2)},
	Mrclass = {57.47 (76.00)},
	Mrnumber = {MR0271984 (42 \#6865)},
	Mrreviewer = {W. S. Piper},
	Pages = {102--163},
	Title = {Groups of diffeomorphisms and the notion of an incompressible fluid.},
	Volume = {92},
	Year = {1970},
	Bdsk-File-1 = {YnBsaXN0MDDUAQIDBAUIJidUJHRvcFgkb2JqZWN0c1gkdmVyc2lvblkkYXJjaGl2ZXLRBgdUcm9vdIABqAkKFRYXGyIjVSRudWxs0wsMDQ4RFFpOUy5vYmplY3RzV05TLmtleXNWJGNsYXNzog8QgASABqISE4ACgAOAB1lhbGlhc0RhdGFccmVsYXRpdmVQYXRo0hgNGRpXTlMuZGF0YU8RAroAAAAAAroAAgAADE1hY2ludG9zaCBIRAAAAAAAAAAAAAAAAAAAAMfOW6BIKwAAABBS7h9FYmluX0dyb3VwcyBvZiBkaWZmZSMxMDUzMTYucGRmAAAAAAAAAAAAAAAAAAAAAAAAAAAAAAAAAAAAAAAAAAAAEFMWxwJJ+QAAAAAAAAAAAAEAAgAACSAAAAAAAAAAAAAAAAAAAAAGUGFwZXJzABAACAAAx86T4AAAABEACAAAxwKCOQAAAAEAFAAQUu4AEFLsAA/YDgAP0EUAD9AXAAIAWE1hY2ludG9zaCBIRDpVc2VyczpkYXZpZGthcmFwZXR5YW46RG9jdW1lbnRzOk1hdGg6UGFwZXJzOkViaW5fR3JvdXBzIG9mIGRpZmZlIzEwNTMxNi5wZGYADgDIAGMARQBiAGkAbgBfAEcAcgBvAHUAcABzACAAbwBmACAAZABpAGYAZgBlAG8AbQBvAHIAcABoAGkAcwBtAHMAIABhAG4AZAAgAHQAaABlACAAbgBvAHQAaQBvAG4AIABvAGYAIABhAG4AIABpAG4AYwBvAG0AcAByAGUAcwBzAGkAYgBsAGUAIABmAGwAdQBpAGQALgBfAEEAbgBuAC4AIABvAGYAIABNAGEAdABoAC4AIAAoADIAKQBfADcAMABhAC4AcABkAGYADwAaAAwATQBhAGMAaQBuAHQAbwBzAGgAIABIAEQAEgCPVXNlcnMvZGF2aWRrYXJhcGV0eWFuL0RvY3VtZW50cy9NYXRoL1BhcGVycy9FYmluX0dyb3VwcyBvZiBkaWZmZW9tb3JwaGlzbXMgYW5kIHRoZSBub3Rpb24gb2YgYW4gaW5jb21wcmVzc2libGUgZmx1aWQuX0Fubi4gb2YgTWF0aC4gKDIpXzcwYS5wZGYAABMAAS8AABUAAgAW//8AAIAF0hwdHh9YJGNsYXNzZXNaJGNsYXNzbmFtZaMfICFdTlNNdXRhYmxlRGF0YVZOU0RhdGFYTlNPYmplY3RfEG0uLi9QYXBlcnMvRWJpbl9Hcm91cHMgb2YgZGlmZmVvbW9ycGhpc21zIGFuZCB0aGUgbm90aW9uIG9mIGFuIGluY29tcHJlc3NpYmxlIGZsdWlkLl9Bbm4uIG9mIE1hdGguICgyKV83MGEucGRm0hwdJCWiJSFcTlNEaWN0aW9uYXJ5EgABhqBfEA9OU0tleWVkQXJjaGl2ZXIACAARABYAHwAoADIANQA6ADwARQBLAFIAXQBlAGwAbwBxAHMAdgB4AHoAfACGAJMAmACgA14DYANlA24DeQN9A4sDkgObBAsEEAQTBCAEJQAAAAAAAAIBAAAAAAAAACgAAAAAAAAAAAAAAAAAAAQ3}}
