%% This BibTeX bibliography file was created using BibDesk.
%% http://bibdesk.sourceforge.net/


%% Created for David Karapetyan at 2010-08-12 21:21:56 -0400 


%% Saved with string encoding Unicode (UTF-8) 



@book{Kincaid-Cheney-1996-Numerical-analysis,
	Address = {Pacific Grove, CA},
	Author = {Kincaid, David and Cheney, Ward},
	Date-Added = {2010-08-05 23:50:35 -0400},
	Date-Modified = {2010-08-05 23:50:53 -0400},
	Edition = {Second},
	Isbn = {0-534-33892-5},
	Mrclass = {65-01},
	Mrnumber = {MR1388777 (97g:65003)},
	Mrreviewer = {Robert F. Almgren},
	Note = {Mathematics of scientific computing},
	Pages = {xii+804},
	Publisher = {Brooks/Cole Publishing Co.},
	Title = {Numerical analysis},
	Year = {1996},
	Bdsk-Url-1 = {http://www.ams.org.proxy.library.nd.edu/mathscinet-getitem?mr=1388777}}

@book{LeVeque-1992-Numerical-methods-for-conservation,
	Address = {Basel},
	Author = {LeVeque, Randall J.},
	Date-Added = {2010-08-05 23:49:18 -0400},
	Date-Modified = {2010-08-05 23:50:45 -0400},
	Edition = {Second},
	Isbn = {3-7643-2723-5},
	Mrclass = {65Mxx (35L67 65-02 76L05 76Mxx 76N15)},
	Mrnumber = {MR1153252 (92m:65106)},
	Pages = {x+214},
	Publisher = {Birkh{\"a}user Verlag},
	Series = {Lectures in Mathematics ETH Z{\"u}rich},
	Title = {Numerical methods for conservation laws},
	Year = {1992},
	Bdsk-Url-1 = {http://www.ams.org.proxy.library.nd.edu/mathscinet-getitem?mr=1153252}}
