%% This BibTeX bibliography file was created using BibDesk.
%% http://bibdesk.sourceforge.net/


%% Created for David Karapetyan at 2011-02-25 18:29:52 -0500 


%% Saved with string encoding Unicode (UTF-8) 



@book{walcott1986collected,
	Author = {Walcott, D.},
	Date-Added = {2011-02-25 18:20:36 -0500},
	Date-Modified = {2011-02-25 18:20:36 -0500},
	Isbn = {0374126267},
	Publisher = {Farrar, Straus \& Giroux},
	Title = {Collected Poems, 1948-1984},
	Year = {1986},
	Bdsk-File-1 = {YnBsaXN0MDDUAQIDBAUIJidUJHRvcFgkb2JqZWN0c1gkdmVyc2lvblkkYXJjaGl2ZXLRBgdUcm9vdIABqAkKFRYXGyIjVSRudWxs0wsMDQ4RFFpOUy5vYmplY3RzV05TLmtleXNWJGNsYXNzog8QgASABqISE4ACgAOAB1lhbGlhc0RhdGFccmVsYXRpdmVQYXRo0hgNGRpXTlMuZGF0YU8RAeoAAAAAAeoAAgAADE1hY2ludG9zaCBIRAAAAAAAAAAAAAAAAAAAAMk6eX1IKwAAABRn8R9XYWxjb3R0LUNvbGxlY3RlZCBQb2VtcyMxRDkyNzNDAAAAAAAAAAAAAAAAAAAAAAAAAAAAAAAAAAAAAAAAAAAB2Sc8yY2lBVBERiAAAAAAAAEAAgAACSAAAAAAAAAAAAAAAAAAAAAGUGFwZXJzABAACAAAyTq/zQAAABEACAAAyY3rVQAAAAEAEAAUZ/EAFGbJABGc/QARnNEAAgBOTWFjaW50b3NoIEhEOlVzZXJzOmRhdmlka2FyYXBldHlhbjptYXRoOlBhcGVyczpXYWxjb3R0LUNvbGxlY3RlZCBQb2VtcyMxRDkyNzNDAA4ATgAmAFcAYQBsAGMAbwB0AHQALQBDAG8AbABsAGUAYwB0AGUAZAAgAFAAbwBlAG0AcwAsACAAMQA5ADQAOAAtADEAOQA4ADQALQA4ADYAYgAPABoADABNAGEAYwBpAG4AdABvAHMAaAAgAEgARAASAEhVc2Vycy9kYXZpZGthcmFwZXR5YW4vbWF0aC9QYXBlcnMvV2FsY290dC1Db2xsZWN0ZWQgUG9lbXMsIDE5NDgtMTk4NC04NmIAEwABLwAAFQACABb//wAAgAXSHB0eH1gkY2xhc3Nlc1okY2xhc3NuYW1lox8gIV1OU011dGFibGVEYXRhVk5TRGF0YVhOU09iamVjdF8QMC4uL1BhcGVycy9XYWxjb3R0LUNvbGxlY3RlZCBQb2VtcywgMTk0OC0xOTg0LTg2YtIcHSQloiUhXE5TRGljdGlvbmFyeRIAAYagXxAPTlNLZXllZEFyY2hpdmVyAAgAEQAWAB8AKAAyADUAOgA8AEUASwBSAF0AZQBsAG8AcQBzAHYAeAB6AHwAhgCTAJgAoAKOApAClQKeAqkCrQK7AsICywL+AwMDBgMTAxgAAAAAAAACAQAAAAAAAAAoAAAAAAAAAAAAAAAAAAADKg==}}
