%% This BibTeX bibliography file in UTF-8 format was created using Papers.
%% http://mekentosj.com/papers/

@article{Zhou_2005_Local-well-pose,
author = {Yong Zhou}, 
journal = {Math. Nachr.},
title = {Local well-posedness and blow-up criteria of solutions for a rod equation},
number = {14},
pages = {1726--1739},
volume = {278},
year = {2005},
date-added = {2011-10-22 00:23:02 -0400},
date-modified = {2011-10-24 00:56:59 -0400},
URL = {http://www.ams.org.proxy.library.nd.edu/mathscinet-getitem?mr=2176676},
local-url = {file://localhost/Users/davidkarapetyan/Documents/Papers/Zhou_Local%20well-posedness%20and%20blow-up%20criteria%20of%20solutions%20for%20a%20rod_Math.%20Nachr._2005.pdf},
uri = {papers://91AF5780-9F38-4A96-B102-C6AC35F44352/Paper/p37},
read = {Yes},
rating = {0}
}

@book{Folland_1999_Real-analysis,
author = {Gerald B Folland}, 
journal = {Book},
title = {Real analysis},
affiliation = {New York},
annote = {Modern techniques and their applications, A Wiley-Interscience Publication},
pages = {xvi+386},
year = {1999},
date-added = {2011-10-22 00:23:02 -0400},
date-modified = {2011-10-24 00:56:43 -0400},
URL = {http://www.ams.org.proxy.library.nd.edu/mathscinet-getitem?mr=1681462},
local-url = {file://localhost/Users/davidkarapetyan/Documents/Papers/Folland_Real%20analysis_Book_1999.pdf},
uri = {papers://91AF5780-9F38-4A96-B102-C6AC35F44352/Paper/p124},
read = {Yes},
rating = {0}
}

@article{Himonas_Misioek-The-Cauchy-prob,
author = {Alex Himonas and Gerard Misiolek}, 
journal = {Comm. Partial Differential Equations},
title = {The Cauchy problem for a shallow water type equation},
number = {1-2},
pages = {123--139},
volume = {23},
year = {1998},
date-added = {2011-10-22 00:23:02 -0400},
date-modified = {2011-10-24 00:56:23 -0400},
doi = {10.1080/03605309808821340},
URL = {http://ams.org/mathscinet-getitem?mr=1608504},
local-url = {file://localhost/Users/davidkarapetyan/Documents/Papers/Himonas_The%20Cauchy%20problem%20for%20a%20shallow%20water%20type%20equation_Comm.%20Partial%20Differential%20Equations_1998.pdf},
uri = {papers://91AF5780-9F38-4A96-B102-C6AC35F44352/Paper/p67},
read = {Yes},
rating = {0}
}

@unpublished{Him-notes,
author = {Alex Himonas}, 
journal = {Book},
title = {Lecture Notes in Partial Differential Equations},
year = {2010},
date-added = {2011-10-22 00:23:03 -0400},
date-modified = {2011-10-24 00:56:13 -0400},
uri = {papers://91AF5780-9F38-4A96-B102-C6AC35F44352/Paper/p56},
read = {Yes},
rating = {0}
}

@article{Christ_2003_Asymptotics-fre,
author = {Michael Christ and James Colliander and Terrence Tao}, 
journal = {Amer. J. Math.},
title = {Asymptotics, frequency modulation, and low regularity ill-posedness for canonical defocusing equations},
number = {6},
pages = {1235--1293},
volume = {125},
year = {2003},
date-added = {2011-10-22 00:23:03 -0400},
date-modified = {2011-10-24 00:57:01 -0400},
URL = {http://ams.org/mathscinet-getitem?mr=2018661},
uri = {papers://91AF5780-9F38-4A96-B102-C6AC35F44352/Paper/p143},
read = {Yes},
rating = {0}
}

@article{Colliander_Keel_Staffilani_Takaoka_Tao-Multilinear-est,
author = {J Colliander and M Keel and G Staffilani and H Takaoka and T Tao}, 
journal = {J. Funct. Anal.},
title = {Multilinear estimates for periodic KdV equations, and applications},
number = {1},
pages = {173--218},
volume = {211},
year = {2004},
date-added = {2011-10-22 00:23:02 -0400},
date-modified = {2011-10-24 00:56:11 -0400},
doi = {10.1016/S0022-1236(03)00218-0},
URL = {http://www.ams.org.proxy.library.nd.edu/mathscinet-getitem?mr=2054622},
local-url = {file://localhost/Users/davidkarapetyan/Documents/Papers/Colliander_Multilinear%20estimates%20for%20periodic%20KdV%20equations%20and%20applications_J.%20Funct.%20Anal._2004.pdf},
uri = {papers://91AF5780-9F38-4A96-B102-C6AC35F44352/Paper/p161},
read = {Yes},
rating = {0}
}

@incollection{Tao-2002-Low-regularity-global-solutions,
author = {Terence Tao}, 
journal = {Collection},
title = {Low-regularity global solutions to nonlinear dispersive equations},
affiliation = {Canberra},
pages = {19--48},
volume = {40},
year = {2002},
date-added = {2011-10-22 00:23:02 -0400},
date-modified = {2011-10-24 00:56:58 -0400},
URL = {http://www.ams.org.proxy.library.nd.edu/mathscinet-getitem?mr=1953478},
local-url = {file://localhost/Users/davidkarapetyan/Documents/Papers/Tao_Low-regularity%20global%20solutions%20to%20nonlinear%20dispersive%20equations_Collection_2002.pdf},
uri = {papers://91AF5780-9F38-4A96-B102-C6AC35F44352/Paper/p61},
read = {Yes},
rating = {0}
}

@article{Souganidis_1990_Instability-of-,
author = {P E Souganidis and W A Strauss}, 
journal = {Proc. Roy. Soc. Edinburgh Sect. A},
title = {Instability of a class of dispersive solitary waves},
number = {3-4},
pages = {195--212},
volume = {114},
year = {1990},
date-added = {2011-10-22 00:23:02 -0400},
date-modified = {2011-10-24 00:56:46 -0400},
URL = {http://www.ams.org.proxy.library.nd.edu/mathscinet-getitem?mr=1055544},
uri = {papers://91AF5780-9F38-4A96-B102-C6AC35F44352/Paper/p1},
read = {Yes},
rating = {0}
}

@article{Liu:1995ve,
author = {Yue Liu}, 
journal = {SIAM J. Math. Anal.},
title = {Instability and blow-up of solutions to a generalized Boussinesq equation},
number = {6},
pages = {1527--1546},
volume = {26},
year = {1995},
date-added = {2011-10-22 00:23:02 -0400},
date-modified = {2011-10-24 00:56:18 -0400},
doi = {10.1137/S0036141093258094},
URL = {http://www.ams.org.proxy.library.nd.edu/mathscinet-getitem?mr=1356458},
local-url = {file://localhost/Users/davidkarapetyan/Documents/Papers/Liu_Instability%20and%20blow-up%20of%20solutions%20to%20a%20generalized%20Boussinesq%20equation_SIAM%20J.%20Math.%20Anal._1995.pdf},
uri = {papers://91AF5780-9F38-4A96-B102-C6AC35F44352/Paper/p75},
rating = {0}
}

@article{Grunrock-Bi--and-triline,
author = {Axel Gr{\"u}nrock}, 
journal = {Int. Math. Res. Not.},
title = {Bi- and trilinear Schr{\"o}dinger estimates in one space dimension with applications to cubic NLS and DNLS},
number = {41},
pages = {2525--2558},
year = {2005},
date-added = {2011-10-22 00:23:02 -0400},
date-modified = {2011-10-24 00:57:02 -0400},
URL = {http://www.ams.org.proxy.library.nd.edu/mathscinet-getitem?mr=2181058},
local-url = {file://localhost/Users/davidkarapetyan/Documents/Papers/Gr%C3%BCnrock_Bi-%20and%20trilinear%20Schr%C3%B6dinger%20estimates%20in%20one%20space%20dimension%20with_Int.%20Math.%20Res.%20Not._2005.pdf},
uri = {papers://91AF5780-9F38-4A96-B102-C6AC35F44352/Paper/p140},
read = {Yes},
rating = {0}
}

@article{Colliander:2003kx,
author = {J Colliander and M Keel and G Staffilani and H Takaoka and T Tao}, 
journal = {J. Amer. Math. Soc.},
title = {Sharp global well-posedness for KdV and modified KdV on {\$}\Bbb R{\$} and {\$}\Bbb T{\$}},
number = {3},
pages = {705--749 (electronic)},
volume = {16},
year = {2003},
date-added = {2011-10-22 00:23:02 -0400},
date-modified = {2011-10-24 00:56:17 -0400},
doi = {10.1090/S0894-0347-03-00421-1},
URL = {http://www.ams.org.proxy.library.nd.edu/mathscinet-getitem?mr=1969209},
uri = {papers://91AF5780-9F38-4A96-B102-C6AC35F44352/Paper/p42},
read = {Yes},
rating = {0}
}

@article{Burq_Gerad_Tzvetkov-An-instability-,
author = {N Burq and P G{\'e}rad and N Tzvetkov}, 
journal = {Math. Res. Lett.},
title = {An instability property of the nonlinear Schr{\"o}dinger equation on {\$}S\^d{\$}},
number = {2-3},
pages = {323--335},
volume = {9},
year = {2002},
date-added = {2011-10-22 00:23:02 -0400},
date-modified = {2011-10-24 00:56:17 -0400},
URL = {http://www.ams.org.proxy.library.nd.edu/mathscinet-getitem?mr=1909648},
local-url = {file://localhost/Users/davidkarapetyan/Documents/Papers/Burq_An%20instability%20property%20of%20the%20nonlinear%20Schr%C3%B6dinger%20equation%20on%20$S%20%5Ed$_Math.%20Res.%20Lett._2002.pdf},
uri = {papers://91AF5780-9F38-4A96-B102-C6AC35F44352/Paper/p172},
read = {Yes},
rating = {0}
}

@article{Fang:1996zr,
author = {Yung-Fu Fang and Manoussos G Grillakis}, 
journal = {Comm. Partial Differential Equations},
title = {Existence and uniqueness for Boussinesq type equations on a circle},
number = {7-8},
pages = {1253--1277},
volume = {21},
year = {1996},
date-added = {2011-10-22 00:23:02 -0400},
date-modified = {2011-10-24 00:56:18 -0400},
doi = {10.1080/03605309608821225},
URL = {http://www.ams.org.proxy.library.nd.edu/mathscinet-getitem?mr=1399198},
local-url = {file://localhost/Users/davidkarapetyan/Documents/Papers/Fang_Existence%20and%20uniqueness%20for%20Boussinesq%20type%20equations%20on%20a%20circle_Comm.%20Partial%20Differential%20Equations_1996.pdf},
uri = {papers://91AF5780-9F38-4A96-B102-C6AC35F44352/Paper/p47},
rating = {0}
}

@article{Lellis_2007_Low-regularity-,
author = {Camillo de Lellis and Thomas Kappeler and Peter Topalov}, 
journal = {Comm. Partial Differential Equations},
title = {Low-regularity solutions of the periodic Camassa-Holm equation},
number = {1-3},
pages = {87--126},
volume = {32},
year = {2007},
date-added = {2011-10-22 00:23:02 -0400},
date-modified = {2011-10-24 00:57:01 -0400},
URL = {http://www.ams.org.proxy.library.nd.edu/mathscinet-getitem?mr=2304143},
local-url = {file://localhost/Users/davidkarapetyan/Documents/Papers/Lellis_Low-regularity%20solutions%20of%20the%20periodic%20Camassa-Holm%20equation_Comm.%20Partial%20Differential%20Equations_2007.pdf},
uri = {papers://91AF5780-9F38-4A96-B102-C6AC35F44352/Paper/p4},
read = {Yes},
rating = {0}
}

@article{Olson_2006_Non-uniform-dep,
author = {Erika Olson}, 
journal = {Differential Integral Equations},
title = {Non-uniform dependence on initial data for a family of non-linear evolution equations},
number = {10},
pages = {1081--1102},
volume = {19},
year = {2006},
date-added = {2011-10-22 00:23:02 -0400},
date-modified = {2011-10-24 00:56:17 -0400},
URL = {http://www.ams.org.proxy.library.nd.edu/mathscinet-getitem?mr=2278671},
uri = {papers://91AF5780-9F38-4A96-B102-C6AC35F44352/Paper/p109},
read = {Yes},
rating = {0}
}

@article{Molinet:2001aa,
author = {L Molinet and J C Saut and N Tzvetkov}, 
journal = {SIAM J. Math. Anal.},
title = {Ill-posedness issues for the Benjamin-Ono and related equations},
number = {4},
pages = {982--988 (electronic)},
volume = {33},
year = {2001},
date-added = {2011-10-22 00:23:02 -0400},
date-modified = {2011-10-24 00:56:52 -0400},
doi = {10.1137/S0036141001385307},
URL = {http://www.ams.org.proxy.library.nd.edu/mathscinet-getitem?mr=1885293},
local-url = {file://localhost/Users/davidkarapetyan/Documents/Papers/Molinet_Ill-posedness%20issues%20for%20the%20Benjamin-Ono%20and%20related%20equations_SIAM%20J.%20Math.%20Anal._2001.pdf},
uri = {papers://91AF5780-9F38-4A96-B102-C6AC35F44352/Paper/p31},
read = {Yes},
rating = {0}
}

@article{Birnir:1996uq,
author = {Bj{\"o}rn Birnir and Gustavo Ponce and Nils Svanstedt}, 
journal = {Ann. Inst. H. Poincar{\'e} Anal. Non Lin{\'e}aire},
title = {The local ill-posedness of the modified KdV equation},
number = {4},
pages = {529--535},
volume = {13},
year = {1996},
date-added = {2011-10-22 00:23:02 -0400},
date-modified = {2011-10-24 00:57:01 -0400},
URL = {http://www.ams.org.proxy.library.nd.edu/mathscinet-getitem?mr=1404320},
local-url = {file://localhost/Users/davidkarapetyan/Documents/Papers/Birnir_The%20local%20ill-posedness%20of%20the%20modified%20KdV%20equation_Ann.%20Inst.%20H.%20Poincar%C3%A9%20Anal.%20Non%20Lin%C3%A9aire_1996.pdf},
uri = {papers://91AF5780-9F38-4A96-B102-C6AC35F44352/Paper/p86},
rating = {0}
}

@article{Tao-Multilinear-wei,
author = {Terence Tao}, 
journal = {Amer. J. Math.},
title = {Multilinear weighted convolution of {\$}L^2{\$}-functions, and applications to nonlinear dispersive equations},
number = {5},
pages = {839--908},
volume = {123},
year = {2001},
date-added = {2011-10-22 00:23:02 -0400},
date-modified = {2011-10-24 00:56:11 -0400},
URL = {http://www.ams.org.proxy.library.nd.edu/mathscinet-getitem?mr=1854113},
local-url = {file://localhost/Users/davidkarapetyan/Documents/Papers/Tao_Multilinear%20weighted%20convolution%20of%20$L%5E2$-functions%20and%20applications%20to%20nonlinear%20dispersive_Amer.%20J.%20Math._2001.pdf},
uri = {papers://91AF5780-9F38-4A96-B102-C6AC35F44352/Paper/p122},
read = {Yes},
rating = {0}
}

@article{Constantin_2003_Geodesic-flow-o,
author = {Adrian Constantin and Boris Kolev}, 
journal = {Comment. Math. Helv.},
title = {Geodesic flow on the diffeomorphism group of the circle},
number = {4},
pages = {787--804},
volume = {78},
year = {2003},
date-added = {2011-10-22 00:23:02 -0400},
date-modified = {2011-10-24 00:57:02 -0400},
URL = {http://www.ams.org.proxy.library.nd.edu/mathscinet-getitem?mr=2016696},
local-url = {file://localhost/Users/davidkarapetyan/Documents/Papers/Constantin_Geodesic%20flow%20on%20the%20diffeomorphism%20group%20of%20the%20circle_Comment.%20Math.%20Helv._2003.pdf},
uri = {papers://91AF5780-9F38-4A96-B102-C6AC35F44352/Paper/p58},
read = {Yes},
rating = {0}
}

@article{Kenig:2009p178,
author = {Carlos E Kenig and David J Rule}, 
journal = {Trans. Amer. Math. Soc.},
title = {The regularity and Neumann problem for non-symmetric elliptic operators},
number = {1},
pages = {125--160},
volume = {361},
year = {2009},
date-added = {2011-10-22 00:23:02 -0400},
date-modified = {2011-10-24 00:57:03 -0400},
pmid = {MR2439401},
URL = {http://www.ams.org/mathscinet/search/publications.html?pg1=MR&s1=MR2439401},
local-url = {file://localhost/Users/davidkarapetyan/Documents/Papers/Kenig_The%20regularity%20and%20Neumann%20problem%20for%20non-symmetric%20elliptic%20operators_Trans.%20Amer.%20Math.%20Soc._2009.pdf},
uri = {papers://91AF5780-9F38-4A96-B102-C6AC35F44352/Paper/p51},
read = {Yes},
rating = {0}
}

@article{Constantin_2000_Existence-of-pe,
author = {Adrian Constantin}, 
journal = {Ann. Inst. Fourier (Grenoble)},
title = {Existence of permanent and breaking waves for a shallow water equation: a geometric approach},
number = {2},
pages = {321--362},
volume = {50},
year = {2000},
date-added = {2011-10-22 00:23:02 -0400},
date-modified = {2011-10-24 00:57:05 -0400},
URL = {http://www.ams.org.proxy.library.nd.edu/mathscinet-getitem?mr=1775353},
local-url = {file://localhost/Users/davidkarapetyan/Documents/Papers/Constantin_Existence%20of%20permanent%20and%20breaking%20waves%20for%20a%20shallow%20water_Ann.%20Inst.%20Fourier%20(Grenoble)_2000.pdf},
uri = {papers://91AF5780-9F38-4A96-B102-C6AC35F44352/Paper/p104},
read = {Yes},
rating = {0}
}

@article{Benjamin_1972_Model-equations,
author = {T B Benjamin and J L Bona and J J Mahony}, 
journal = {Philos. Trans. Roy. Soc. London Ser. A},
title = {Model equations for long waves in nonlinear dispersive systems},
number = {1220},
pages = {47--78},
volume = {272},
year = {1972},
date-added = {2011-10-22 00:23:02 -0400},
date-modified = {2011-10-24 00:57:01 -0400},
URL = {http://www.ams.org.proxy.library.nd.edu/mathscinet-getitem?mr=0427868},
local-url = {file://localhost/Users/davidkarapetyan/Documents/Papers/Benjamin_Model%20equations%20for%20long%20waves%20in%20nonlinear%20dispersive%20systems_Philos.%20Trans.%20Roy.%20Soc.%20London%20Ser.%20A_1972.pdf},
uri = {papers://91AF5780-9F38-4A96-B102-C6AC35F44352/Paper/p112},
read = {Yes},
rating = {0}
}

@article{Dai_1998_Model-equations,
author = {H-H Dai}, 
journal = {Acta Mech.},
title = {Model equations for nonlinear dispersive waves in a compressible Mooney-Rivlin rod},
number = {1-4},
pages = {193--207},
volume = {127},
year = {1998},
date-added = {2011-10-22 00:23:03 -0400},
date-modified = {2011-10-24 00:56:48 -0400},
URL = {http://www.ams.org.proxy.library.nd.edu/mathscinet-getitem?mr=1606738},
local-url = {file://localhost/Users/davidkarapetyan/Documents/Papers/Dai_Model%20equations%20for%20nonlinear%20dispersive%20waves%20in%20a%20compressible%20Mooney-Rivlin_Acta%20Mech._1998.pdf},
uri = {papers://91AF5780-9F38-4A96-B102-C6AC35F44352/Paper/p154},
read = {Yes},
rating = {0}
}

@article{Hakkaev_Kirchev-Local-well-pose,
author = {Sevdzhan Hakkaev and Kiril Kirchev}, 
journal = {Comm. Partial Differential Equations},
title = {Local well-posedness and orbital stability of solitary wave solutions for the generalized Camassa-Holm equation},
number = {4-6},
pages = {761--781},
volume = {30},
year = {2005},
date-added = {2011-10-22 00:23:02 -0400},
date-modified = {2011-10-24 00:56:19 -0400},
doi = {10.1081/PDE-200059284},
URL = {http://www.ams.org.proxy.library.nd.edu/mathscinet-getitem?mr=2153514},
local-url = {file://localhost/Users/davidkarapetyan/Documents/Papers/Hakkaev_Local%20well-posedness%20and%20orbital%20stability%20of%20solitary%20wave%20solutions%20for_Comm.%20Partial%20Differential%20Equations_2005.pdf},
uri = {papers://91AF5780-9F38-4A96-B102-C6AC35F44352/Paper/p97},
read = {Yes},
rating = {0}
}

@article{Farah:2010ys,
author = {Luiz Gustavo Farah and M{\'a}rcia Scialom}, 
journal = {Proc. Amer. Math. Soc.},
title = {On the periodic ``good'' Boussinesq equation},
number = {3},
pages = {953--964},
volume = {138},
year = {2010},
date-added = {2011-10-22 00:23:02 -0400},
date-modified = {2011-10-24 00:57:01 -0400},
doi = {10.1090/S0002-9939-09-10142-9},
URL = {http://www.ams.org.proxy.library.nd.edu/mathscinet-getitem?mr=2566562},
local-url = {file://localhost/Users/davidkarapetyan/Documents/Papers/Farah_On%20the%20periodic%20%60%60good''%20Boussinesq%20equation_Proc.%20Amer.%20Math.%20Soc._2010.pdf},
uri = {papers://91AF5780-9F38-4A96-B102-C6AC35F44352/Paper/p167},
rating = {0}
}

@article{Clarkson:1989ys,
author = {Peter A Clarkson and Martin D Kruskal}, 
journal = {J. Math. Phys.},
title = {New similarity reductions of the Boussinesq equation},
number = {10},
pages = {2201--2213},
volume = {30},
year = {1989},
date-added = {2011-10-22 00:23:02 -0400},
date-modified = {2011-10-24 00:56:54 -0400},
doi = {10.1063/1.528613},
URL = {http://www.ams.org.proxy.library.nd.edu/mathscinet-getitem?mr=1016286},
local-url = {file://localhost/Users/davidkarapetyan/Documents/Papers/Clarkson_New%20similarity%20reductions%20of%20the%20Boussinesq%20equation_J.%20Math.%20Phys._1989.pdf},
uri = {papers://91AF5780-9F38-4A96-B102-C6AC35F44352/Paper/p116},
rating = {0}
}

@phdthesis{Grunrock-thesis,
author = {Axel Gr{\"u}nrock}, 
journal = {PhD Thesis},
title = {New applications of the Fourier restriction norm method to wellposedness problems for nonlinear evolution equations},
affiliation = {Universit{\"a}t Wuppertal},
year = {2002},
date-added = {2011-10-22 00:23:02 -0400},
date-modified = {2011-10-24 00:56:49 -0400},
local-url = {file://localhost/Users/davidkarapetyan/Documents/Papers/Gr%C3%BCnrock_New%20applications%20of%20the%20Fourier%20restriction%20norm%20method%20to%20wellposedness_PhD%20Thesis_2002.pdf},
uri = {papers://91AF5780-9F38-4A96-B102-C6AC35F44352/Paper/p160},
read = {Yes},
rating = {0}
}

@article{Liu_2004_Compactons-in-a,
author = {Zhengrong Liu and Can Chen}, 
journal = {Chaos Solitons Fractals},
title = {Compactons in a general compressible hyperelastic rod},
number = {3},
pages = {627--640},
volume = {22},
year = {2004},
date-added = {2011-10-22 00:23:02 -0400},
date-modified = {2011-10-24 00:57:07 -0400},
URL = {http://www.ams.org.proxy.library.nd.edu/mathscinet-getitem?mr=2062739},
local-url = {file://localhost/Users/davidkarapetyan/Documents/Papers/Liu_Compactons%20in%20a%20general%20compressible%20hyperelastic%20rod_Chaos%20Solitons%20Fractals_2004.pdf},
uri = {papers://91AF5780-9F38-4A96-B102-C6AC35F44352/Paper/p12},
read = {Yes},
rating = {0}
}

@article{Farah:2010vn,
author = {Luiz Gustavo Farah and Hongwei Wang}, 
title = {Global solutions for the generalized Boussinesq equation in low-order Sobolev spaces},
year = {2010},
date-added = {2011-10-22 00:23:02 -0400},
date-modified = {2011-10-24 00:56:26 -0400},
URL = {http://arxiv.org/abs/1009.5726},
local-url = {file://localhost/Users/davidkarapetyan/Documents/Papers/Farah_Global%20solutions%20for%20the%20generalized%20Boussinesq%20equation%20in%20low-order%20Sobolev__2010.pdf},
uri = {papers://91AF5780-9F38-4A96-B102-C6AC35F44352/Paper/p139},
read = {Yes},
rating = {0}
}

@article{Camassa-Holm-1993-An-integrable-shallow-water,
author = {Roberto Camassa and Darryl D Holm}, 
journal = {Phys. Rev. Lett.},
title = {An integrable shallow water equation with peaked solitons},
number = {11},
pages = {1661--1664},
volume = {71},
year = {1993},
date-added = {2011-10-22 00:23:02 -0400},
date-modified = {2011-10-24 00:56:54 -0400},
doi = {10.1103/PhysRevLett.71.1661},
URL = {http://www.ams.org.proxy.library.nd.edu/mathscinet-getitem?mr=1234453},
uri = {papers://91AF5780-9F38-4A96-B102-C6AC35F44352/Paper/p157},
read = {Yes},
rating = {0}
}

@article{Gorsky:2009aa,
author = {Jennifer Gorsky and A Alexandrou Himonas}, 
journal = {Math. Comput. Simulation},
title = {Well-posedness of KdV with higher dispersion},
number = {1},
pages = {173--183},
volume = {80},
year = {2009},
date-added = {2011-10-22 00:23:02 -0400},
date-modified = {2011-10-24 00:56:12 -0400},
doi = {10.1016/j.matcom.2009.06.007},
URL = {http://www.ams.org.proxy.library.nd.edu/mathscinet-getitem?mr=2573277},
local-url = {file://localhost/Users/davidkarapetyan/Documents/Papers/Gorsky_Well-posedness%20of%20KdV%20with%20higher%20dispersion_Math.%20Comput.%20Simulation_2009.pdf},
uri = {papers://91AF5780-9F38-4A96-B102-C6AC35F44352/Paper/p144},
read = {Yes},
rating = {0}
}

@article{Herr-On-the-Cauchy-p,
author = {Sebastian Herr}, 
journal = {Int. Math. Res. Not.},
title = {On the Cauchy problem for the derivative nonlinear Schr{\"o}dinger equation with periodic boundary condition},
pages = {Art. ID 96763, 33},
year = {2006},
date-added = {2011-10-22 00:23:02 -0400},
date-modified = {2011-10-24 00:56:22 -0400},
URL = {http://www.ams.org.proxy.library.nd.edu/mathscinet-getitem?mr=2219223},
local-url = {file://localhost/Users/davidkarapetyan/Documents/Papers/Herr_On%20the%20Cauchy%20problem%20for%20the%20derivative%20nonlinear%20Schr%C3%B6dinger%20equation_Int.%20Math.%20Res.%20Not._2006.pdf},
uri = {papers://91AF5780-9F38-4A96-B102-C6AC35F44352/Paper/p11},
read = {Yes},
rating = {0}
}

@article{Kappeler:2006uq,
author = {T Kappeler and P Topalov}, 
journal = {Duke Math. J.},
title = {Global wellposedness of KdV in {\$}H^-1(\Bbb T,\Bbb R){\$}},
number = {2},
pages = {327--360},
volume = {135},
year = {2006},
date-added = {2011-10-22 00:23:02 -0400},
date-modified = {2011-10-24 00:56:17 -0400},
doi = {10.1215/S0012-7094-06-13524-X},
URL = {http://www.ams.org.proxy.library.nd.edu/mathscinet-getitem?mr=2267286},
uri = {papers://91AF5780-9F38-4A96-B102-C6AC35F44352/Paper/p63},
rating = {0}
}

@article{Kishimoto:2010ly,
author = {Nobu Kishimoto and Kotaro Tsugawa}, 
journal = {Differential Integral Equations},
title = {Local well-posedness for quadratic nonlinear Schr{\"o}dinger equations and the ``good'' Boussinesq equation},
number = {5-6},
pages = {463--493},
volume = {23},
year = {2010},
date-added = {2011-10-22 00:23:02 -0400},
date-modified = {2011-10-24 00:57:01 -0400},
URL = {http://www.ams.org.proxy.library.nd.edu/mathscinet-getitem?mr=2654246},
local-url = {file://localhost/Users/davidkarapetyan/Documents/Papers/Kishimoto_Local%20well-posedness%20for%20quadratic%20nonlinear%20Schr%C3%B6dinger%20equations%20and%20the%20%60%60good''_Differential%20Integral%20Equations_2010.pdf},
uri = {papers://91AF5780-9F38-4A96-B102-C6AC35F44352/Paper/p99},
rating = {0}
}

@article{Himonas-Misiolek-2001-A-priori-estimates-for-Schrodinger,
author = {Alex Himonas and Gerard Misiolek}, 
journal = {Illinois J. Math.},
title = {A priori estimates for Schr{\"o}dinger type multipliers},
number = {2},
pages = {631--640},
volume = {45},
year = {2001},
date-added = {2011-10-22 00:23:02 -0400},
date-modified = {2011-10-24 00:56:24 -0400},
URL = {http://www.ams.org.proxy.library.nd.edu/mathscinet-getitem?mr=1878623},
local-url = {file://localhost/Users/davidkarapetyan/Documents/Papers/Himonas_A%20priori%20estimates%20for%20Schr%C3%B6dinger%20type%20multipliers_Illinois%20J.%20Math._2001.pdf},
uri = {papers://91AF5780-9F38-4A96-B102-C6AC35F44352/Paper/p169},
read = {Yes},
rating = {0}
}

@article{Molinet:2011uq,
author = {Luc Molinet}, 
title = {Sharp ill-posedness results for the KdV and mKdV equations on the torus},
year = {2011},
date-added = {2011-10-22 00:23:02 -0400},
date-modified = {2011-10-24 00:56:17 -0400},
URL = {http://arxiv.org/abs/1105.3601},
local-url = {file://localhost/Users/davidkarapetyan/Documents/Papers/Molinet_Sharp%20ill-posedness%20results%20for%20the%20KdV%20and%20mKdV%20equations%20on__2011.pdf},
uri = {papers://91AF5780-9F38-4A96-B102-C6AC35F44352/Paper/p23},
rating = {0}
}

@book{Bourgain-1999-Global-solutions-of-nonlinear,
author = {Jean Bourgain}, 
journal = {Book},
title = {Global solutions of nonlinear Schr{\"o}dinger equations},
affiliation = {Providence, RI},
pages = {viii+182},
volume = {46},
year = {1999},
date-added = {2011-10-22 00:23:02 -0400},
date-modified = {2011-10-24 00:57:01 -0400},
URL = {http://www.ams.org.proxy.library.nd.edu/mathscinet-getitem?mr=1691575},
local-url = {file://localhost/Users/davidkarapetyan/Documents/Papers/Bourgain_Global%20solutions%20of%20nonlinear%20Schr%C3%B6dinger%20equations_Book_1999.pdf},
uri = {papers://91AF5780-9F38-4A96-B102-C6AC35F44352/Paper/p174},
read = {Yes},
rating = {0}
}

@article{Himonas_2009_Non-uniform-dep-per,
author = {Alex Himonas and Carlos E Kenig and G Misiolek}, 
journal = {To appear in Communications in Partial Differential Equations},
title = {Non-uniform dependence for the periodic CH equation.},
year = {2009},
date-added = {2011-10-22 00:23:02 -0400},
date-modified = {2011-10-24 00:56:47 -0400},
uri = {papers://91AF5780-9F38-4A96-B102-C6AC35F44352/Paper/p85},
read = {Yes},
rating = {0}
}

@book{Stein:1993fk,
author = {Elias M Stein}, 
journal = {Book},
title = {Harmonic analysis: real-variable methods, orthogonality, and oscillatory integrals},
affiliation = {Princeton, NJ},
annote = {With the assistance of Timothy S. Murphy, Monographs in Harmonic Analysis, III},
pages = {xiv+695},
volume = {43},
year = {1993},
date-added = {2011-10-22 00:23:02 -0400},
date-modified = {2011-10-24 00:56:54 -0400},
URL = {http://www.ams.org.proxy.library.nd.edu/mathscinet-getitem?mr=1232192},
local-url = {file://localhost/Users/davidkarapetyan/Documents/Papers/Stein_Harmonic%20analysis%20real-variable%20methods%20orthogonality%20and%20oscillatory%20integrals_Book_1993.pdf},
uri = {papers://91AF5780-9F38-4A96-B102-C6AC35F44352/Paper/p92},
rating = {0}
}

@article{Yin_2003_On-the-Cauchy-p,
author = {Zhaoyang Yin}, 
journal = {J. Nonlinear Math. Phys.},
title = {On the Cauchy problem for a nonlinearly dispersive wave equation},
number = {1},
pages = {10--15},
volume = {10},
year = {2003},
date-added = {2011-10-22 00:23:02 -0400},
date-modified = {2011-10-24 00:56:51 -0400},
URL = {http://www.ams.org.proxy.library.nd.edu/mathscinet-getitem?mr=1952863},
local-url = {file://localhost/Users/davidkarapetyan/Documents/Papers/Yin_On%20the%20Cauchy%20problem%20for%20a%20nonlinearly%20dispersive%20wave%20equation_J.%20Nonlinear%20Math.%20Phys._2003.pdf},
uri = {papers://91AF5780-9F38-4A96-B102-C6AC35F44352/Paper/p9},
read = {Yes},
rating = {0}
}

@article{Bona:1988kx,
author = {Jerry L Bona and Robert L Sachs}, 
journal = {Comm. Math. Phys.},
title = {Global existence of smooth solutions and stability of solitary waves for a generalized Boussinesq equation},
number = {1},
pages = {15--29},
volume = {118},
year = {1988},
date-added = {2011-10-22 00:23:02 -0400},
date-modified = {2011-10-24 00:56:10 -0400},
URL = {http://www.ams.org.proxy.library.nd.edu/mathscinet-getitem?mr=954673},
local-url = {file://localhost/Users/davidkarapetyan/Documents/Papers/Bona_Global%20existence%20of%20smooth%20solutions%20and%20stability%20of%20solitary%20waves_Comm.%20Math.%20Phys._1988.pdf},
uri = {papers://91AF5780-9F38-4A96-B102-C6AC35F44352/Paper/p148},
rating = {0}
}

@article{Kalantarov:1978bh,
author = {VK Kalantarov and OA Ladyzhenskaya}, 
journal = {Journal of Mathematical Sciences},
title = {The occurrence of collapse for quasilinear equations of parabolic and hyperbolic types},
number = {1},
pages = {53--70},
volume = {10},
year = {1978},
date-added = {2011-10-22 00:23:02 -0400},
date-modified = {2011-10-24 00:56:22 -0400},
local-url = {file://localhost/Users/davidkarapetyan/Documents/Papers/Kalantarov_The%20occurrence%20of%20collapse%20for%20quasilinear%20equations%20of%20parabolic%20and_Journal%20of%20Mathematical%20Sciences_1978.pdf},
uri = {papers://91AF5780-9F38-4A96-B102-C6AC35F44352/Paper/p153},
rating = {0}
}

@article{Himonas:2000fk,
author = {Alex Himonas and Gerard Misio{\l}ek}, 
journal = {J. Differential Equations},
title = {Well-posedness of the Cauchy problem for a shallow water equation on the circle},
number = {2},
pages = {479--495},
volume = {161},
year = {2000},
date-added = {2011-10-22 00:23:02 -0400},
date-modified = {2011-10-24 00:56:13 -0400},
doi = {10.1006/jdeq.1999.3695},
URL = {http://www.ams.org.proxy.library.nd.edu/mathscinet-getitem?mr=1744140},
local-url = {file://localhost/Users/davidkarapetyan/Documents/Papers/Himonas_Well-posedness%20of%20the%20Cauchy%20problem%20for%20a%20shallow%20water%20equation_J.%20Differential%20Equations_2000.pdf},
uri = {papers://91AF5780-9F38-4A96-B102-C6AC35F44352/Paper/p82},
rating = {0}
}

@article{Birnir:1996fk,
author = {Bj{\"o}rn Birnir and Carlos E Kenig and Gustavo Ponce and Nils Svanstedt and Luis Vega}, 
journal = {J. London Math. Soc. (2)},
title = {On the ill-posedness of the IVP for the generalized Korteweg-de Vries and nonlinear Schr{\"o}dinger equations},
number = {3},
pages = {551--559},
volume = {53},
year = {1996},
date-added = {2011-10-22 00:23:02 -0400},
date-modified = {2011-10-24 00:56:23 -0400},
URL = {http://www.ams.org.proxy.library.nd.edu/mathscinet-getitem?mr=1396718},
local-url = {file://localhost/Users/davidkarapetyan/Documents/Papers/Birnir_On%20the%20ill-posedness%20of%20the%20IVP%20for%20the%20generalized%20Korteweg-de_J.%20London%20Math.%20Soc.%20(2)_1996.pdf},
uri = {papers://91AF5780-9F38-4A96-B102-C6AC35F44352/Paper/p118},
rating = {0}
}

@book{Hunt:2006kx,
author = {Brian R Hunt and Ronald L Lipsman and Jonathan M Rosenberg}, 
journal = {Book},
title = {A guide to MATLAB for beginners and experienced users},
affiliation = {Cambridge},
annote = {With Kevin R. Coombes, John E. Osborn, and Garrett J. Stuck, For beginners and experienced users, Updated for MATLAB{\$}{^{\}}circledR{\$} 7 and Simulink{\$}{^{\}}circledR{\$} 6},
pages = {xvi+311},
year = {2006},
date-added = {2011-10-22 00:23:02 -0400},
date-modified = {2011-10-24 00:56:19 -0400},
doi = {10.1017/CBO9780511791284},
URL = {http://www.ams.org.proxy.library.nd.edu/mathscinet-getitem?mr=2237581},
local-url = {file://localhost/Users/davidkarapetyan/Documents/Papers/Hunt_A%20guide%20to%20MATLAB%20for%20beginners%20and%20experienced%20users_Book_2006.pdf},
uri = {papers://91AF5780-9F38-4A96-B102-C6AC35F44352/Paper/p17},
rating = {0}
}

@book{lang1993real,
author = {S Lang}, 
journal = {Book},
title = {Real and functional analysis},
volume = {142},
year = {1993},
date-added = {2011-10-22 00:23:02 -0400},
date-modified = {2011-10-24 00:56:51 -0400},
local-url = {file://localhost/Users/davidkarapetyan/Documents/Papers/Lang_Real%20and%20functional%20analysis_Book_1993.pdf},
uri = {papers://91AF5780-9F38-4A96-B102-C6AC35F44352/Paper/p78},
rating = {0}
}

@article{Osler:1970aa,
author = {Thomas J Osler}, 
journal = {SIAM J. Appl. Math.},
title = {Leibniz rule for fractional derivatives generalized and an application to infinite series},
pages = {658--674},
volume = {18},
year = {1970},
date-added = {2011-10-22 00:23:03 -0400},
date-modified = {2011-10-24 00:56:49 -0400},
URL = {http://www.ams.org.proxy.library.nd.edu/mathscinet-getitem?mr=0260942},
local-url = {file://localhost/Users/davidkarapetyan/Documents/Papers/Osler_Leibniz%20rule%20for%20fractional%20derivatives%20generalized%20and%20an%20application%20to_SIAM%20J.%20Appl.%20Math._1970.pdf},
uri = {papers://91AF5780-9F38-4A96-B102-C6AC35F44352/Paper/p52},
read = {Yes},
rating = {0}
}

@article{Olson_2009_Well-posedness-,
author = {Erika Olson}, 
journal = {Journal of Differential Equations},
title = {Well posedness for a higher order modified Camassa--Holm equation},
abstract = {We show that the Cauchy problem for a higher order modification of the Camassa--Holm equation is locally well posed for initial data in the Sobolev space View the MathML source for s>s ′ , where 1/4 less-than-or-equals,},
year = {2009},
month = {Jan},
date-added = {2011-10-22 00:23:02 -0400},
date-modified = {2011-10-24 00:56:17 -0400},
pmid = {related:m6k8eqxJ2jIJ},
URL = {http://linkinghub.elsevier.com/retrieve/pii/S002203960800497X},
local-url = {file://localhost/Users/davidkarapetyan/Documents/Papers/Olson_Well%20posedness%20for%20a%20higher%20order%20modified%20Camassa--Holm%20equation_Journal%20of%20Differential%20Equations_2009.pdf},
uri = {papers://91AF5780-9F38-4A96-B102-C6AC35F44352/Paper/p155},
read = {Yes},
rating = {0}
}

@article{Kenig_2001_On-the-ill-pose,
author = {Carlos E Kenig and Gustavo Ponce and Luis Vega}, 
journal = {Duke Math. J.},
title = {On the ill-posedness of some canonical dispersive equations},
number = {3},
pages = {617--633},
volume = {106},
year = {2001},
date-added = {2011-10-22 00:23:02 -0400},
date-modified = {2011-10-24 00:56:17 -0400},
doi = {10.1215/S0012-7094-01-10638-8},
URL = {http://ams.org/mathscinet-getitem?mr=1813239},
local-url = {file://localhost/Users/davidkarapetyan/Documents/Papers/Kenig_On%20the%20ill-posedness%20of%20some%20canonical%20dispersive%20equations_Duke%20Math.%20J._2001.pdf},
uri = {papers://91AF5780-9F38-4A96-B102-C6AC35F44352/Paper/p73},
read = {Yes},
rating = {0}
}

@article{Mustafa_2007_Global-conserva,
author = {Octavian G Mustafa}, 
journal = {Int. Math. Res. Not. IMRN},
title = {Global conservative solutions of the hyperelastic rod equation},
number = {13},
pages = {Art. ID rnm040, 26},
year = {2007},
date-added = {2011-10-22 00:23:02 -0400},
date-modified = {2011-10-24 00:56:18 -0400},
URL = {http://www.ams.org.proxy.library.nd.edu/mathscinet-getitem?mr=2346630},
local-url = {file://localhost/Users/davidkarapetyan/Documents/Papers/Mustafa_Global%20conservative%20solutions%20of%20the%20hyperelastic%20rod%20equation_Int.%20Math.%20Res.%20Not.%20IMRN_2007.pdf},
uri = {papers://91AF5780-9F38-4A96-B102-C6AC35F44352/Paper/p134},
read = {Yes},
rating = {0}
}

@article{Xie_2007_Peakons-in-a-ge,
author = {Shaolong Xie and Lin Wang and Weiguo Rui}, 
journal = {Int. J. Math. Sci.},
title = {Peakons in a generalized compressible elastic rod wave equation},
number = {2},
pages = {253--261},
volume = {6},
year = {2007},
date-added = {2011-10-22 00:23:02 -0400},
date-modified = {2011-10-24 00:57:02 -0400},
URL = {http://www.ams.org.proxy.library.nd.edu/mathscinet-getitem?mr=2474136},
uri = {papers://91AF5780-9F38-4A96-B102-C6AC35F44352/Paper/p89},
read = {Yes},
rating = {0}
}

@incollection{Kato_1975_Quasi-linear-eq,
author = {Tosio Kato}, 
journal = {Collection},
title = {Quasi-linear equations of evolution, with applications to partial differential equations},
affiliation = {Berlin},
pages = {25--70. Lecture Notes in Math., Vol. 448},
year = {1975},
date-added = {2011-10-22 00:23:02 -0400},
date-modified = {2011-10-24 00:57:07 -0400},
URL = {http://www.ams.org.proxy.library.nd.edu/mathscinet-getitem?mr=0407477},
uri = {papers://91AF5780-9F38-4A96-B102-C6AC35F44352/Paper/p24},
read = {Yes},
rating = {0}
}

@article{Constantin_2000_Stability-of-a-,
author = {Adrian Constantin and Walter A Strauss}, 
journal = {Phys. Lett. A},
title = {Stability of a class of solitary waves in compressible elastic rods},
number = {3-4},
pages = {140--148},
volume = {270},
year = {2000},
date-added = {2011-10-22 00:23:02 -0400},
date-modified = {2011-10-24 00:56:18 -0400},
URL = {http://www.ams.org.proxy.library.nd.edu/mathscinet-getitem?mr=1763691},
local-url = {file://localhost/Users/davidkarapetyan/Documents/Papers/Constantin_Stability%20of%20a%20class%20of%20solitary%20waves%20in%20compressible%20elastic_Phys.%20Lett.%20A_2000.pdf},
uri = {papers://91AF5780-9F38-4A96-B102-C6AC35F44352/Paper/p120},
read = {Yes},
rating = {0}
}

@article{Constantin_2000_Stability-of-pe,
author = {Adrian Constantin and Walter A Strauss}, 
journal = {Comm. Pure Appl. Math.},
title = {Stability of peakons},
number = {5},
pages = {603--610},
volume = {53},
year = {2000},
date-added = {2011-10-22 00:23:02 -0400},
date-modified = {2011-10-24 00:56:54 -0400},
URL = {http://www.ams.org.proxy.library.nd.edu/mathscinet-getitem?mr=1737505},
local-url = {file://localhost/Users/davidkarapetyan/Documents/Papers/Constantin_Stability%20of%20peakons_Comm.%20Pure%20Appl.%20Math._2000.pdf},
uri = {papers://91AF5780-9F38-4A96-B102-C6AC35F44352/Paper/p125},
read = {Yes},
rating = {0}
}

@unpublished{Klainerman:fk,
author = {S Klainerman}, 
title = {Lecture Notes 2008},
date-added = {2011-10-22 00:23:02 -0400},
date-modified = {2011-10-24 00:56:24 -0400},
local-url = {file://localhost/Users/davidkarapetyan/Documents/Papers/Klainerman_Lecture%20Notes%202008__.pdf},
uri = {papers://91AF5780-9F38-4A96-B102-C6AC35F44352/Paper/p71},
rating = {0}
}

@incollection{Kato_1993_Abstract-evolut,
author = {Tosio Kato}, 
journal = {Collection},
title = {Abstract evolution equations, linear and quasilinear, revisited},
affiliation = {Berlin},
pages = {103--125},
volume = {1540},
year = {1993},
date-added = {2011-10-22 00:23:02 -0400},
date-modified = {2011-10-24 00:56:22 -0400},
URL = {http://www.ams.org.proxy.library.nd.edu/mathscinet-getitem?mr=1225814},
uri = {papers://91AF5780-9F38-4A96-B102-C6AC35F44352/Paper/p38},
read = {Yes},
rating = {0}
}

@article{Bejenaru-Tao-2006-Sharp-well-posedness-and-ill-posedness,
author = {Ioan Bejenaru and Terence Tao}, 
journal = {J. Funct. Anal.},
title = {Sharp well-posedness and ill-posedness results for a quadratic non-linear Schr{\"o}dinger equation},
number = {1},
pages = {228--259},
volume = {233},
year = {2006},
date-added = {2011-10-22 00:23:02 -0400},
date-modified = {2011-10-24 00:56:54 -0400},
doi = {10.1016/j.jfa.2005.08.004},
URL = {http://www.ams.org.proxy.library.nd.edu/mathscinet-getitem?mr=2204680},
uri = {papers://91AF5780-9F38-4A96-B102-C6AC35F44352/Paper/p57},
read = {Yes},
rating = {0}
}

@article{Dai_2000_Solitary-shock-,
author = {Hui-Hui Dai and Yi Huo}, 
journal = {R. Soc. Lond. Proc. Ser. A Math. Phys. Eng. Sci.},
title = {Solitary shock waves and other travelling waves in a general compressible hyperelastic rod},
number = {1994},
pages = {331--363},
volume = {456},
year = {2000},
date-added = {2011-10-22 00:23:02 -0400},
date-modified = {2011-10-24 00:56:48 -0400},
URL = {http://www.ams.org.proxy.library.nd.edu/mathscinet-getitem?mr=1811323},
local-url = {file://localhost/Users/davidkarapetyan/Documents/Papers/Dai_Solitary%20shock%20waves%20and%20other%20travelling%20waves%20in%20a%20general_R.%20Soc.%20Lond.%20Proc.%20Ser.%20A%20Math.%20Phys.%20Eng.%20Sci._2000.pdf},
uri = {papers://91AF5780-9F38-4A96-B102-C6AC35F44352/Paper/p136},
read = {Yes},
rating = {0}
}

@article{Ginibre:1997fk,
author = {J Ginibre and Y Tsutsumi and G Velo}, 
journal = {J. Funct. Anal.},
title = {On the Cauchy problem for the Zakharov system},
number = {2},
pages = {384--436},
volume = {151},
year = {1997},
date-added = {2011-10-22 00:23:02 -0400},
date-modified = {2011-10-24 00:56:54 -0400},
doi = {10.1006/jfan.1997.3148},
URL = {http://www.ams.org.proxy.library.nd.edu/mathscinet-getitem?mr=1491547},
uri = {papers://91AF5780-9F38-4A96-B102-C6AC35F44352/Paper/p129},
read = {Yes},
rating = {0}
}

@book{levine1995jazz,
author = {M Levine}, 
journal = {Book},
title = {The jazz theory book},
year = {1995},
date-added = {2011-10-22 00:23:02 -0400},
date-modified = {2011-10-24 00:56:12 -0400},
local-url = {file://localhost/Users/davidkarapetyan/Documents/Papers/Levine_The%20jazz%20theory%20book_Book_1995.pdf},
uri = {papers://91AF5780-9F38-4A96-B102-C6AC35F44352/Paper/p141},
rating = {0}
}

@unpublished{Selberg:uq,
author = {S Selberg}, 
title = {Lecture Notes},
date-added = {2011-10-22 00:23:02 -0400},
date-modified = {2011-10-24 00:57:05 -0400},
local-url = {file://localhost/Users/davidkarapetyan/Documents/Papers/Selberg_Lecture%20Notes__.pdf},
uri = {papers://91AF5780-9F38-4A96-B102-C6AC35F44352/Paper/p59},
rating = {0}
}

@article{Chen_Cosimano_Himonas-Analytic-solvin,
author = {Yu Chen and Thomas F Cosimano and Alex A Himonas}, 
journal = {J. Econom. Dynam. Control},
title = {Analytic solving of asset pricing models: the by force of habit case},
number = {11},
pages = {3631--3660},
volume = {32},
year = {2008},
date-added = {2011-10-22 00:23:02 -0400},
date-modified = {2011-10-24 00:56:18 -0400},
doi = {10.1016/j.jedc.2007.12.008},
URL = {http://ams.org/mathscinet-getitem?mr=2464353},
uri = {papers://91AF5780-9F38-4A96-B102-C6AC35F44352/Paper/p165},
read = {Yes},
rating = {0}
}

@article{Kenig:1993fk,
author = {Carlos E Kenig and Gustavo Ponce and Luis Vega}, 
journal = {Comm. Pure Appl. Math.},
title = {Well-posedness and scattering results for the generalized Korteweg-de Vries equation via the contraction principle},
number = {4},
pages = {527--620},
volume = {46},
year = {1993},
date-added = {2011-10-22 00:23:02 -0400},
date-modified = {2011-10-24 00:56:47 -0400},
doi = {10.1002/cpa.3160460405},
URL = {http://www.ams.org.proxy.library.nd.edu/mathscinet-getitem?mr=1211741},
local-url = {file://localhost/Users/davidkarapetyan/Documents/Papers/Kenig_Well-posedness%20and%20scattering%20results%20for%20the%20generalized%20Korteweg-de%20Vries%20equation_Comm.%20Pure%20Appl.%20Math._1993.pdf},
uri = {papers://91AF5780-9F38-4A96-B102-C6AC35F44352/Paper/p40},
rating = {0}
}

@book{tu2010introduction,
author = {LW Tu}, 
journal = {Book},
title = {An introduction to manifolds},
year = {2010},
date-added = {2011-10-22 00:23:02 -0400},
date-modified = {2011-10-24 00:56:48 -0400},
local-url = {file://localhost/Users/davidkarapetyan/Documents/Papers/Tu_An%20introduction%20to%20manifolds_Book_2010.pdf},
uri = {papers://91AF5780-9F38-4A96-B102-C6AC35F44352/Paper/p170},
rating = {0}
}

@article{Himonas_2001_The-Cauchy-prob,
author = {Alex Himonas and Gerard Misiolek}, 
journal = {Differential Integral Equations},
title = {The Cauchy problem for an integrable shallow-water equation},
number = {7},
pages = {821--831},
volume = {14},
year = {2001},
date-added = {2011-10-22 00:23:02 -0400},
date-modified = {2011-10-24 00:56:22 -0400},
URL = {http://ams.org/mathscinet-getitem?mr=1828326},
uri = {papers://91AF5780-9F38-4A96-B102-C6AC35F44352/Paper/p110},
read = {Yes},
rating = {0}
}

@book{Hartman:2002vn,
author = {Philip Hartman}, 
journal = {Book},
title = {Ordinary differential equations},
affiliation = {Philadelphia, PA},
annote = {Corrected reprint of the second (1982) edition [Birkh{{\"a}}user, Boston, MA; MR0658490 (83e:34002)], With a foreword by Peter Bates},
pages = {xx+612},
volume = {38},
year = {2002},
date-added = {2011-10-22 00:23:02 -0400},
date-modified = {2011-10-24 00:56:47 -0400},
URL = {http://www.ams.org.proxy.library.nd.edu/mathscinet-getitem?mr=1929104},
local-url = {file://localhost/Users/davidkarapetyan/Documents/Papers/Hartman_Ordinary%20differential%20equations_Book_2002.pdf},
uri = {papers://91AF5780-9F38-4A96-B102-C6AC35F44352/Paper/p32},
rating = {0}
}

@article{Bona_2009_Sharp-well-pose,
author = {Jerry L Bona and Nikolay Tzvetkov}, 
journal = {Discrete Contin. Dyn. Syst.},
title = {Sharp well-posedness results for the BBM equation},
number = {4},
pages = {1241--1252},
volume = {23},
year = {2009},
date-added = {2011-10-22 00:23:03 -0400},
date-modified = {2011-10-24 00:56:26 -0400},
doi = {10.3934/dcds.2009.23.1241},
URL = {http://www.ams.org.proxy.library.nd.edu/mathscinet-getitem?mr=2461849},
local-url = {file://localhost/Users/davidkarapetyan/Documents/Papers/Bona_Sharp%20well-posedness%20results%20for%20the%20BBM%20equation_Discrete%20Contin.%20Dyn.%20Syst._2009.pdf},
uri = {papers://91AF5780-9F38-4A96-B102-C6AC35F44352/Paper/p115},
read = {Yes},
rating = {0}
}

@book{Hormander:1990fk,
author = {Lars H{\"o}rmander}, 
journal = {Book},
title = {The analysis of linear partial differential operators. I},
affiliation = {Berlin},
note = {Distribution theory and Fourier analysis},
pages = {xii+440},
volume = {256},
year = {1990},
date-added = {2011-10-22 00:23:02 -0400},
date-modified = {2011-10-24 00:56:53 -0400},
URL = {http://www.ams.org.proxy.library.nd.edu/mathscinet-getitem?mr=1065993},
local-url = {file://localhost/Users/davidkarapetyan/Documents/Papers/H%C3%B6rmander_The%20analysis%20of%20linear%20partial%20differential%20operators.%20I_Book_1990.pdf},
uri = {papers://91AF5780-9F38-4A96-B102-C6AC35F44352/Paper/p74},
rating = {0}
}

@article{Gradshteyn:2007p1041,
author = {I. S Gradshteyn and I. M Ryzhik}, 
title = {Table of integrals, series, and products},
pages = {xlviii+1171},
year = {2007},
date-added = {2011-10-24 12:03:57 -0400},
date-modified = {2011-10-24 12:03:57 -0400},
pmid = {MR2360010},
URL = {http://www.ams.org/mathscinet/search/publications.html?pg1=MR&s1=MR2360010},
local-url = {file://localhost/Users/davidkarapetyan/Documents/Papers/Gradshteyn_Table%20of%20integrals%20series%20and%20products__2007.pdf},
uri = {papers://91AF5780-9F38-4A96-B102-C6AC35F44352/Paper/p1041},
read = {Yes},
rating = {0}
}

@book{greene2006function,
author = {RE Greene and SG Krantz}, 
journal = {Book},
title = {Function theory of one complex variable},
year = {2006},
date-added = {2011-10-22 00:23:02 -0400},
date-modified = {2011-10-24 00:56:28 -0400},
local-url = {file://localhost/Users/davidkarapetyan/Documents/Papers/Greene_Function%20theory%20of%20one%20complex%20variable_Book_2006.pdf},
uri = {papers://91AF5780-9F38-4A96-B102-C6AC35F44352/Paper/p44},
rating = {0}
}

@article{Arnold_1966_Sur-la-geometri,
author = {V Arnold}, 
journal = {Ann. Inst. Fourier (Grenoble)},
title = {Sur la g{\'e}om{\'e}trie diff{\'e}rentielle des groupes de Lie de dimension infinie et ses applications {\`a} l'hydrodynamique des fluides parfaits},
number = {fasc. 1},
pages = {319--361},
volume = {16},
year = {1966},
date-added = {2011-10-22 00:23:02 -0400},
date-modified = {2011-10-24 00:56:26 -0400},
URL = {http://www.ams.org.proxy.library.nd.edu/mathscinet-getitem?mr=0202082},
local-url = {file://localhost/Users/davidkarapetyan/Documents/Papers/Arnold_Sur%20la%20g%C3%A9om%C3%A9trie%20diff%C3%A9rentielle%20des%20groupes%20de%20Lie%20de%20dimension_Ann.%20Inst.%20Fourier%20(Grenoble)_1966.pdf},
uri = {papers://91AF5780-9F38-4A96-B102-C6AC35F44352/Paper/p49},
read = {Yes},
rating = {0}
}

@incollection{Degasperis-Procesi-1999-Asymptotic-integrability,
author = {A Degasperis and M Procesi}, 
journal = {Collection},
title = {Asymptotic integrability},
pages = {23--37},
year = {1999},
date-added = {2011-10-22 00:23:03 -0400},
date-modified = {2011-10-24 00:56:52 -0400},
URL = {http://www.ams.org.proxy.library.nd.edu/mathscinet-getitem?mr=1844104},
uri = {papers://91AF5780-9F38-4A96-B102-C6AC35F44352/Paper/p6},
read = {Yes},
rating = {0}
}

@article{Hannah:2011vn,
author = {Heather Hannah and A Alexandrou Himonas and Gerson Petronilho}, 
journal = {J. Differential Equations},
title = {Gevrey regularity of the periodic gKdV equation},
number = {5},
pages = {2581--2600},
volume = {250},
year = {2011},
date-added = {2011-10-22 00:23:02 -0400},
date-modified = {2011-10-24 00:56:24 -0400},
doi = {10.1016/j.jde.2010.12.020},
URL = {http://www.ams.org.proxy.library.nd.edu/mathscinet-getitem?mr=2756077},
local-url = {file://localhost/Users/davidkarapetyan/Documents/Papers/Hannah_Gevrey%20regularity%20of%20the%20periodic%20gKdV%20equation_J.%20Differential%20Equations_2011.pdf},
uri = {papers://91AF5780-9F38-4A96-B102-C6AC35F44352/Paper/p25},
rating = {0}
}

@book{Taylor:1995kx,
author = {Michael Eugene Taylor}, 
journal = {Book},
title = {Partial differential equations I, Basic theory},
volume = {115},
year = {1995},
date-added = {2011-10-22 00:23:02 -0400},
date-modified = {2011-10-24 00:56:27 -0400},
local-url = {file://localhost/Users/davidkarapetyan/Documents/Papers/Taylor_Partial%20differential%20equations%20I%20Basic%20theory_Book_1995.pdf},
uri = {papers://91AF5780-9F38-4A96-B102-C6AC35F44352/Paper/p88},
rating = {0}
}

@book{Ahlfors:1978vn,
author = {Lars V Ahlfors}, 
journal = {Book},
title = {Complex analysis},
affiliation = {New York},
annote = {An introduction to the theory of analytic functions of one complex variable, International Series in Pure and Applied Mathematics},
pages = {xi+331},
year = {1978},
date-added = {2011-10-22 00:23:02 -0400},
date-modified = {2011-10-24 00:56:48 -0400},
URL = {http://www.ams.org.proxy.library.nd.edu/mathscinet-getitem?mr=510197},
local-url = {file://localhost/Users/davidkarapetyan/Documents/Papers/Ahlfors_Complex%20analysis_Book_1978.pdf},
uri = {papers://91AF5780-9F38-4A96-B102-C6AC35F44352/Paper/p20},
rating = {0}
}

@book{Bennett:1988ys,
author = {C Bennett and RC Sharpley}, 
journal = {Book},
title = {Interpolation of operators},
volume = {129},
year = {1988},
date-added = {2011-10-22 00:23:02 -0400},
date-modified = {2011-10-24 00:56:13 -0400},
local-url = {file://localhost/Users/davidkarapetyan/Documents/Papers/Bennett_Interpolation%20of%20operators_Book_1988.pdf},
uri = {papers://91AF5780-9F38-4A96-B102-C6AC35F44352/Paper/p168},
rating = {0}
}

@article{Coclite_Karlsen_Risebro-A-convergent-fi,
author = {G M Coclite and K H Karlsen and N H Risebro}, 
journal = {SIAM J. Numer. Anal.},
title = {A convergent finite difference scheme for the Camassa-Holm equation with general {\$}H^1{\$} initial data},
number = {3},
pages = {1554--1579},
volume = {46},
year = {2008},
date-added = {2011-10-22 00:23:02 -0400},
date-modified = {2011-10-24 00:56:10 -0400},
doi = {10.1137/060673242},
URL = {http://ams.org/mathscinet-getitem?mr=2391006},
uri = {papers://91AF5780-9F38-4A96-B102-C6AC35F44352/Paper/p178},
read = {Yes},
rating = {0}
}

@article{Ebin_1970_Groups-of-diffe,
author = {David G Ebin and Jerrold Marsden}, 
journal = {Ann. of Math. (2)},
title = {Groups of diffeomorphisms and the notion of an incompressible fluid.},
pages = {102--163},
volume = {92},
year = {1970},
date-added = {2011-10-22 00:23:02 -0400},
date-modified = {2011-10-24 00:56:18 -0400},
local-url = {file://localhost/Users/davidkarapetyan/Documents/Papers/Ebin_Groups%20of%20diffeomorphisms%20and%20the%20notion%20of%20an%20incompressible%20fluid._Ann.%20of%20Math.%20(2)_1970.pdf},
uri = {papers://91AF5780-9F38-4A96-B102-C6AC35F44352/Paper/p26},
read = {Yes},
rating = {0}
}

@article{Kato:2000vn,
author = {Keiichi Kato and Takayoshi Ogawa}, 
journal = {Math. Ann.},
title = {Analyticity and smoothing effect for the Korteweg de Vries equation with a single point singularity},
number = {3},
pages = {577--608},
volume = {316},
year = {2000},
date-added = {2011-10-22 00:23:02 -0400},
date-modified = {2011-10-24 00:56:23 -0400},
doi = {10.1007/s002080050345},
URL = {http://www.ams.org.proxy.library.nd.edu/mathscinet-getitem?mr=1752786},
uri = {papers://91AF5780-9F38-4A96-B102-C6AC35F44352/Paper/p106},
read = {Yes},
rating = {0}
}

@article{Lemarie-Rieusset:2006aa,
author = {P G Lemari{\'e}-Rieusset and S Gala}, 
journal = {J. Math. Anal. Appl.},
title = {Multipliers between Sobolev spaces and fractional differentiation},
number = {2},
pages = {1030--1054},
volume = {322},
year = {2006},
date-added = {2011-10-22 00:23:02 -0400},
date-modified = {2011-10-24 00:56:13 -0400},
doi = {10.1016/j.jmaa.2005.07.043},
URL = {http://www.ams.org.proxy.library.nd.edu/mathscinet-getitem?mr=2250634},
local-url = {file://localhost/Users/davidkarapetyan/Documents/Papers/Lemari%C3%A9-Rieusset_Multipliers%20between%20Sobolev%20spaces%20and%20fractional%20differentiation_J.%20Math.%20Anal.%20Appl._2006.pdf},
uri = {papers://91AF5780-9F38-4A96-B102-C6AC35F44352/Paper/p117},
read = {Yes},
rating = {0}
}

@article{Coclite_2005_Global-weak-sol,
author = {G M Coclite and H Holden and K H Karlsen}, 
journal = {SIAM J. Math. Anal.},
title = {Global weak solutions to a generalized hyperelastic-rod wave equation},
number = {4},
pages = {1044--1069 (electronic)},
volume = {37},
year = {2005},
date-added = {2011-10-22 00:23:02 -0400},
date-modified = {2011-10-24 00:56:54 -0400},
URL = {http://www.ams.org.proxy.library.nd.edu/mathscinet-getitem?mr=2192287},
local-url = {file://localhost/Users/davidkarapetyan/Documents/Papers/Coclite_Global%20weak%20solutions%20to%20a%20generalized%20hyperelastic-rod%20wave%20equation_SIAM%20J.%20Math.%20Anal._2005.pdf},
uri = {papers://91AF5780-9F38-4A96-B102-C6AC35F44352/Paper/p147},
read = {Yes},
rating = {0}
}

@article{Constantin_1999_A-shallow-water,
author = {A Constantin and H P McKean}, 
journal = {Comm. Pure Appl. Math.},
title = {A shallow water equation on the circle},
number = {8},
pages = {949--982},
volume = {52},
year = {1999},
date-added = {2011-10-22 00:23:02 -0400},
date-modified = {2011-10-24 00:56:11 -0400},
URL = {http://www.ams.org.proxy.library.nd.edu/mathscinet-getitem?mr=1686969},
local-url = {file://localhost/Users/davidkarapetyan/Documents/Papers/Constantin_A%20shallow%20water%20equation%20on%20the%20circle_Comm.%20Pure%20Appl.%20Math._1999.pdf},
uri = {papers://91AF5780-9F38-4A96-B102-C6AC35F44352/Paper/p130},
read = {Yes},
rating = {0}
}

@incollection{Kato-1975-Quasi-linear-equations-of-evolution,
author = {Tosio Kato}, 
journal = {Collection},
title = {Quasi-linear equations of evolution, with applications to partial differential equations},
affiliation = {Berlin},
pages = {25--70. Lecture Notes in Math., Vol. 448},
year = {1975},
date-added = {2011-10-22 00:23:02 -0400},
date-modified = {2011-10-24 00:56:48 -0400},
URL = {http://www.ams.org.proxy.library.nd.edu/mathscinet-getitem?mr=0407477},
uri = {papers://91AF5780-9F38-4A96-B102-C6AC35F44352/Paper/p28},
read = {Yes},
rating = {0}
}

@article{Himonas:2007uq,
author = {Alex Himonas and Gerard Misio{\l}ek and Gustavo Ponce}, 
journal = {Asian J. Math.},
title = {Non-uniform continuity in {\$}H^1{\$} of the solution map of the CH equation},
number = {1},
pages = {141--150},
volume = {11},
year = {2007},
date-added = {2011-10-22 00:23:02 -0400},
date-modified = {2011-10-24 00:56:10 -0400},
URL = {http://www.ams.org.proxy.library.nd.edu/mathscinet-getitem?mr=2304587},
local-url = {file://localhost/Users/davidkarapetyan/Documents/Papers/Himonas_Non-uniform%20continuity%20in%20$H%5E1$%20of%20the%20solution%20map%20of%20the_Asian%20J.%20Math._2007.pdf},
uri = {papers://91AF5780-9F38-4A96-B102-C6AC35F44352/Paper/p60},
rating = {0}
}

@article{Bendahmane_2006_Hsp-1-perturbat,
author = {Mostafa Bendahmane and Giuseppe Maria Coclite and Kenneth H Karlsen}, 
journal = {Mediterr. J. Math.},
title = {{\$}H^1{\$}-perturbations of smooth solutions for a weakly dissipative hyperelastic-rod wave equation},
number = {3-4},
pages = {419--432},
volume = {3},
year = {2006},
date-added = {2011-10-22 00:23:02 -0400},
date-modified = {2011-10-24 00:56:12 -0400},
URL = {http://www.ams.org.proxy.library.nd.edu/mathscinet-getitem?mr=2274735},
uri = {papers://91AF5780-9F38-4A96-B102-C6AC35F44352/Paper/p158},
read = {Yes},
rating = {0}
}

@article{Bourgain-Fourier-transfo-1,
author = {Jean Bourgain}, 
journal = {Geom. Funct. Anal.},
title = {Fourier transform restriction phenomena for certain lattice subsets and applications to nonlinear evolution equations. I. Schr{\"o}dinger equations},
number = {2},
pages = {107--156},
volume = {3},
year = {1993},
date-added = {2011-10-22 00:23:03 -0400},
date-modified = {2011-10-24 00:56:49 -0400},
doi = {10.1007/BF01896020},
URL = {http://www.ams.org.proxy.library.nd.edu/mathscinet-getitem?mr=1209299},
local-url = {file://localhost/Users/davidkarapetyan/Documents/Papers/Bourgain_Fourier%20transform%20restriction%20phenomena%20for%20certain%20lattice%20subsets%20and%20applications_Geom.%20Funct.%20Anal._1993-1.pdf},
uri = {papers://91AF5780-9F38-4A96-B102-C6AC35F44352/Paper/p132},
read = {Yes},
rating = {0}
}

@book{Adams:2003uq,
author = {RA Adams and JJF Fournier}, 
journal = {Book},
title = {Sobolev spaces},
volume = {140},
year = {2003},
date-added = {2011-10-22 00:23:02 -0400},
date-modified = {2011-10-24 00:57:00 -0400},
local-url = {file://localhost/Users/davidkarapetyan/Documents/Papers/Adams_Sobolev%20spaces_Book_2003.pdf},
uri = {papers://91AF5780-9F38-4A96-B102-C6AC35F44352/Paper/p171},
rating = {0}
}

@article{Constantin_1998_Global-existenc,
author = {Adrian Constantin and Joachim Escher}, 
journal = {Ann. Scuola Norm. Sup. Pisa Cl. Sci. (4)},
title = {Global existence and blow-up for a shallow water equation},
number = {2},
pages = {303--328},
volume = {26},
year = {1998},
date-added = {2011-10-22 00:23:02 -0400},
date-modified = {2011-10-24 00:57:02 -0400},
URL = {http://ams.org/mathscinet-getitem?mr=1631589},
local-url = {file://localhost/Users/davidkarapetyan/Documents/Papers/Constantin_Global%20existence%20and%20blow-up%20for%20a%20shallow%20water%20equation_Ann.%20Scuola%20Norm.%20Sup.%20Pisa%20Cl.%20Sci.%20(4)_1998.pdf},
uri = {papers://91AF5780-9F38-4A96-B102-C6AC35F44352/Paper/p137},
read = {Yes},
rating = {0}
}

@incollection{Gorsky:2005kx,
author = {Jennifer Gorsky and A Alexandrou Himonas}, 
journal = {Collection},
title = {On analyticity in space variable of solutions to the KdV equation},
affiliation = {Providence, RI},
pages = {233--247},
volume = {368},
year = {2005},
date-added = {2011-10-22 00:23:02 -0400},
date-modified = {2011-10-24 00:56:22 -0400},
URL = {http://www.ams.org.proxy.library.nd.edu/mathscinet-getitem?mr=2126473},
local-url = {file://localhost/Users/davidkarapetyan/Documents/Papers/Gorsky_On%20analyticity%20in%20space%20variable%20of%20solutions%20to%20the%20KdV_Collection_2005.pdf},
uri = {papers://91AF5780-9F38-4A96-B102-C6AC35F44352/Paper/p64},
rating = {0}
}

@book{Rudin:1976uq,
author = {Walter Rudin}, 
journal = {Book},
title = {Principles of mathematical analysis},
affiliation = {New York},
annote = {International Series in Pure and Applied Mathematics},
pages = {x+342},
year = {1976},
date-added = {2011-10-22 00:23:02 -0400},
date-modified = {2011-10-24 00:56:44 -0400},
URL = {http://www.ams.org.proxy.library.nd.edu/mathscinet-getitem?mr=0385023},
local-url = {file://localhost/Users/davidkarapetyan/Documents/Papers/Rudin_Principles%20of%20mathematical%20analysis_Book_1976.pdf},
uri = {papers://91AF5780-9F38-4A96-B102-C6AC35F44352/Paper/p150},
rating = {0}
}

@unpublished{Christ-Colliander-Tao--Instability-of-the-periodic-nonlinear,
author = {Michael Christ and James Colliander and Terence Tao}, 
title = {Instability of the periodic nonlinear Schrodinger equation},
year = {2003},
date-added = {2011-10-22 00:23:02 -0400},
date-modified = {2011-10-24 00:56:18 -0400},
URL = {http://arxiv.org/abs/math/0311227},
local-url = {file://localhost/Users/davidkarapetyan/Documents/Papers/Christ_Instability%20of%20the%20periodic%20nonlinear%20Schrodinger%20equation__2003.pdf},
uri = {papers://91AF5780-9F38-4A96-B102-C6AC35F44352/Paper/p162},
read = {Yes},
rating = {0}
}

@article{Xin_2002_On-the-uniquene,
author = {Zhouping Xin and Ping Zhang}, 
journal = {Comm. Partial Differential Equations},
title = {On the uniqueness and large time behavior of the weak solutions to a shallow water equation},
number = {9-10},
pages = {1815--1844},
volume = {27},
year = {2002},
date-added = {2011-10-22 00:23:03 -0400},
date-modified = {2011-10-24 00:57:02 -0400},
URL = {http://www.ams.org.proxy.library.nd.edu/mathscinet-getitem?mr=1941659},
local-url = {file://localhost/Users/davidkarapetyan/Documents/Papers/Xin_On%20the%20uniqueness%20and%20large%20time%20behavior%20of%20the%20weak_Comm.%20Partial%20Differential%20Equations_2002.pdf},
uri = {papers://91AF5780-9F38-4A96-B102-C6AC35F44352/Paper/p93},
read = {Yes},
rating = {0}
}

@book{Dieudonne_1969_Foundations-of-,
author = {J Dieudonn{\'e}}, 
journal = {Book},
title = {Foundations of modern analysis},
affiliation = {New York},
annote = {Enlarged and corrected printing, Pure and Applied Mathematics, Vol. 10-I},
pages = {xviii+387},
year = {1969},
date-added = {2011-10-22 00:23:02 -0400},
date-modified = {2011-10-24 00:56:22 -0400},
URL = {http://ams.org/mathscinet-getitem?mr=0349288},
local-url = {file://localhost/Users/davidkarapetyan/Documents/Papers/Dieudonn%C3%A9_Foundations%20of%20modern%20analysis_Book_1969.pdf},
uri = {papers://91AF5780-9F38-4A96-B102-C6AC35F44352/Paper/p149},
read = {Yes},
rating = {0}
}

@article{Bona_1985_Numerical-schem,
author = {J L Bona and W G Pritchard and L R Scott}, 
journal = {J. Comput. Phys.},
title = {Numerical schemes for a model for nonlinear dispersive waves},
number = {2},
pages = {167--186},
volume = {60},
year = {1985},
date-added = {2011-10-22 00:23:03 -0400},
date-modified = {2011-10-24 00:56:17 -0400},
URL = {http://www.ams.org.proxy.library.nd.edu/mathscinet-getitem?mr=805869},
local-url = {file://localhost/Users/davidkarapetyan/Documents/Papers/Bona_Numerical%20schemes%20for%20a%20model%20for%20nonlinear%20dispersive%20waves_J.%20Comput.%20Phys._1985.pdf},
uri = {papers://91AF5780-9F38-4A96-B102-C6AC35F44352/Paper/p175},
read = {Yes},
rating = {0}
}

@article{Farah:2009uq,
author = {Luiz Gustavo Farah}, 
journal = {Comm. Partial Differential Equations},
title = {Local solutions in Sobolev spaces with negative indices for the ``good'' Boussinesq equation},
number = {1-3},
pages = {52--73},
volume = {34},
year = {2009},
date-added = {2011-10-22 00:23:02 -0400},
date-modified = {2011-10-24 00:56:43 -0400},
doi = {10.1080/03605300802682283},
URL = {http://www.ams.org.proxy.library.nd.edu/mathscinet-getitem?mr=2512853},
local-url = {file://localhost/Users/davidkarapetyan/Documents/Papers/Farah_Local%20solutions%20in%20Sobolev%20spaces%20with%20negative%20indices%20for%20the_Comm.%20Partial%20Differential%20Equations_2009.pdf},
uri = {papers://91AF5780-9F38-4A96-B102-C6AC35F44352/Paper/p83},
read = {Yes},
rating = {0}
}

@book{Taylor:2011yg,
author = {Michael E Taylor}, 
journal = {Book},
title = {Partial differential equations II. Qualitative studies of linear equations},
affiliation = {New York},
pages = {xxii+614},
volume = {116},
year = {2011},
date-added = {2011-10-22 00:23:02 -0400},
date-modified = {2011-10-24 00:56:56 -0400},
URL = {http://www.ams.org.proxy.library.nd.edu/mathscinet-getitem?mr=2743652},
local-url = {file://localhost/Users/davidkarapetyan/Documents/Papers/Taylor_Partial%20differential%20equations%20II.%20Qualitative%20studies%20of%20linear%20equations_Book_2011.pdf},
uri = {papers://91AF5780-9F38-4A96-B102-C6AC35F44352/Paper/p50},
rating = {0}
}

@book{grafakos2009modern,
author = {L Grafakos}, 
journal = {Book},
title = {Modern Fourier Analysis},
volume = {250},
year = {2009},
date-added = {2011-10-22 00:23:02 -0400},
date-modified = {2011-10-24 00:57:06 -0400},
local-url = {file://localhost/Users/davidkarapetyan/Documents/Papers/Grafakos_Modern%20Fourier%20Analysis_Book_2009.pdf},
uri = {papers://91AF5780-9F38-4A96-B102-C6AC35F44352/Paper/p119},
rating = {0}
}

@article{Tian_Song-New-peaked-soli,
author = {Lixin Tian and Xiuying Song}, 
journal = {Chaos Solitons Fractals},
title = {New peaked solitary wave solutions of the generalized Camassa-Holm equation},
number = {3},
pages = {621--637},
volume = {19},
year = {2004},
date-added = {2011-10-22 00:23:02 -0400},
date-modified = {2011-10-24 00:56:47 -0400},
doi = {10.1016/S0960-0779(03)00192-9},
URL = {http://www.ams.org.proxy.library.nd.edu/mathscinet-getitem?mr=2012996},
local-url = {file://localhost/Users/davidkarapetyan/Documents/Papers/Tian_New%20peaked%20solitary%20wave%20solutions%20of%20the%20generalized%20Camassa-Holm%20equation_Chaos%20Solitons%20Fractals_2004.pdf},
uri = {papers://91AF5780-9F38-4A96-B102-C6AC35F44352/Paper/p55},
read = {Yes},
rating = {0}
}

@book{LeVeque-1992-Numerical-methods-for-conservation,
author = {Randall J LeVeque}, 
journal = {Book},
title = {Numerical methods for conservation laws},
affiliation = {Basel},
pages = {x+214},
year = {1992},
date-added = {2011-10-22 00:23:03 -0400},
date-modified = {2011-10-24 00:56:54 -0400},
URL = {http://www.ams.org.proxy.library.nd.edu/mathscinet-getitem?mr=1153252},
uri = {papers://91AF5780-9F38-4A96-B102-C6AC35F44352/Paper/p34},
read = {Yes},
rating = {0}
}

@book{Sulem:1999uq,
author = {Catherine Sulem and Pierre-Louis Sulem}, 
journal = {Book},
title = {The nonlinear Schr{\"o}dinger equation},
affiliation = {New York},
note = {Self-focusing and wave collapse},
pages = {xvi+350},
volume = {139},
year = {1999},
date-added = {2011-10-22 00:23:02 -0400},
date-modified = {2011-10-24 00:56:17 -0400},
URL = {http://www.ams.org.proxy.library.nd.edu/mathscinet-getitem?mr=1696311},
local-url = {file://localhost/Users/davidkarapetyan/Documents/Papers/Sulem_The%20nonlinear%20Schr%C3%B6dinger%20equation_Book_1999.pdf},
uri = {papers://91AF5780-9F38-4A96-B102-C6AC35F44352/Paper/p53},
rating = {0}
}

@book{Kincaid-Cheney-1996-Numerical-analysis,
author = {David Kincaid and Ward Cheney}, 
journal = {Book},
title = {Numerical analysis},
affiliation = {Pacific Grove, CA},
note = {Mathematics of scientific computing},
pages = {xii+804},
year = {1996},
date-added = {2011-10-22 00:23:03 -0400},
date-modified = {2011-10-24 00:56:23 -0400},
URL = {http://www.ams.org.proxy.library.nd.edu/mathscinet-getitem?mr=1388777},
uri = {papers://91AF5780-9F38-4A96-B102-C6AC35F44352/Paper/p19},
read = {Yes},
rating = {0}
}

@article{Himonas:2005kx,
author = {Alex Himonas and Gerard Misiolek}, 
journal = {Int. Math. Res. Not.},
title = {High-frequency smooth solutions and well-posedness of the Camassa-Holm equation},
number = {51},
pages = {3135--3151},
year = {2005},
date-added = {2011-10-22 00:23:02 -0400},
date-modified = {2011-10-24 00:56:28 -0400},
doi = {10.1155/IMRN.2005.3135},
URL = {http://www.ams.org.proxy.library.nd.edu/mathscinet-getitem?mr=2187502},
local-url = {file://localhost/Users/davidkarapetyan/Documents/Papers/Himonas_High-frequency%20smooth%20solutions%20and%20well-posedness%20of%20the%20Camassa-Holm%20equation_Int.%20Math.%20Res.%20Not._2005.pdf},
uri = {papers://91AF5780-9F38-4A96-B102-C6AC35F44352/Paper/p30},
rating = {0}
}

@article{Grunrock_Herr-Low-regularity-,
author = {Axel Gr{\"u}nrock and Sebastian Herr}, 
journal = {SIAM J. Math. Anal.},
title = {Low regularity local well-posedness of the derivative nonlinear Schr{\"o}dinger equation with periodic initial data},
number = {6},
pages = {1890--1920},
volume = {39},
year = {2008},
date-added = {2011-10-22 00:23:02 -0400},
date-modified = {2011-10-24 00:56:18 -0400},
doi = {10.1137/070689139},
URL = {http://www.ams.org.proxy.library.nd.edu/mathscinet-getitem?mr=2390318},
local-url = {file://localhost/Users/davidkarapetyan/Documents/Papers/Gr%C3%BCnrock_Low%20regularity%20local%20well-posedness%20of%20the%20derivative%20nonlinear%20Schr%C3%B6dinger%20equation_SIAM%20J.%20Math.%20Anal._2008.pdf},
uri = {papers://91AF5780-9F38-4A96-B102-C6AC35F44352/Paper/p79},
read = {Yes},
rating = {0}
}

@article{Kato:1988zr,
author = {Tosio Kato and Gustavo Ponce}, 
journal = {Comm. Pure Appl. Math.},
title = {Commutator estimates and the Euler and Navier-Stokes equations},
number = {7},
pages = {891--907},
volume = {41},
year = {1988},
date-added = {2011-10-22 00:23:02 -0400},
date-modified = {2011-10-24 00:57:03 -0400},
doi = {10.1002/cpa.3160410704},
URL = {http://www.ams.org.proxy.library.nd.edu/mathscinet-getitem?mr=951744},
local-url = {file://localhost/Users/davidkarapetyan/Documents/Papers/Kato_Commutator%20estimates%20and%20the%20Euler%20and%20Navier-Stokes%20equations_Comm.%20Pure%20Appl.%20Math._1988.pdf},
uri = {papers://91AF5780-9F38-4A96-B102-C6AC35F44352/Paper/p87},
rating = {0}
}

@article{Constantin-Lannes-2009-The-hydrodynamical-relevance-of-the-Camassa-Holm,
author = {Adrian Constantin and David Lannes}, 
journal = {Arch. Ration. Mech. Anal.},
title = {The hydrodynamical relevance of the Camassa-Holm and Degasperis-Procesi equations},
number = {1},
pages = {165--186},
volume = {192},
year = {2009},
date-added = {2011-10-22 00:23:02 -0400},
date-modified = {2011-10-24 00:56:19 -0400},
doi = {10.1007/s00205-008-0128-2},
URL = {http://www.ams.org.proxy.library.nd.edu/mathscinet-getitem?mr=2481064},
uri = {papers://91AF5780-9F38-4A96-B102-C6AC35F44352/Paper/p123},
read = {Yes},
rating = {0}
}

@book{bergh1976interpolation,
author = {J Bergh and J L{\"o}fstr{\"o}m}, 
journal = {Book},
title = {Interpolation spaces: an introduction},
volume = {223},
year = {1976},
date-added = {2011-10-22 00:23:02 -0400},
date-modified = {2011-10-24 00:56:23 -0400},
local-url = {file://localhost/Users/davidkarapetyan/Documents/Papers/Bergh_Interpolation%20spaces%20an%20introduction_Book_1976.pdf},
uri = {papers://91AF5780-9F38-4A96-B102-C6AC35F44352/Paper/p135},
rating = {0}
}

@article{Byers-2006-Existence-time-for-the-Camassa-Holm,
author = {Peter Byers}, 
journal = {Indiana Univ. Math. J.},
title = {Existence time for the Camassa-Holm equation and the critical Sobolev index},
number = {3},
pages = {941--954},
volume = {55},
year = {2006},
date-added = {2011-10-22 00:23:02 -0400},
date-modified = {2011-10-24 00:56:17 -0400},
doi = {10.1512/iumj.2006.55.2710},
URL = {http://www.ams.org.proxy.library.nd.edu/mathscinet-getitem?mr=2244592},
uri = {papers://91AF5780-9F38-4A96-B102-C6AC35F44352/Paper/p152},
read = {Yes},
rating = {0}
}

@article{Misioek_1998_A-shallow-water,
author = {Gerard Misiolek}, 
journal = {J. Geom. Phys.},
title = {A shallow water equation as a geodesic flow on the Bott-Virasoro group},
number = {3},
pages = {203--208},
volume = {24},
year = {1998},
date-added = {2011-10-22 00:23:02 -0400},
date-modified = {2011-10-24 00:56:17 -0400},
URL = {http://www.ams.org.proxy.library.nd.edu/mathscinet-getitem?mr=1491553},
local-url = {file://localhost/Users/davidkarapetyan/Documents/Papers/Misiolek_A%20shallow%20water%20equation%20as%20a%20geodesic%20flow%20on%20the_J.%20Geom.%20Phys._1998.pdf},
uri = {papers://91AF5780-9F38-4A96-B102-C6AC35F44352/Paper/p13},
read = {Yes},
rating = {0}
}

@incollection{Hannah:2006uq,
author = {Heather Hannah and A Alexandrou Himonas and Gerson Petronilho}, 
journal = {Collection},
title = {Gevrey regularity in time for generalized KdV type equations},
affiliation = {Providence, RI},
pages = {117--127},
volume = {400},
year = {2006},
date-added = {2011-10-22 00:23:02 -0400},
date-modified = {2011-10-24 00:56:22 -0400},
URL = {http://www.ams.org.proxy.library.nd.edu/mathscinet-getitem?mr=2222470},
uri = {papers://91AF5780-9F38-4A96-B102-C6AC35F44352/Paper/p68},
read = {Yes},
rating = {0}
}

@article{Kappeler:2005kx,
author = {T Kappeler and P Topalov}, 
journal = {Comm. Partial Differential Equations},
title = {Global well-posedness of mKdV in {\$}L^2(\Bbb T,\Bbb R){\$}},
number = {1-3},
pages = {435--449},
volume = {30},
year = {2005},
date-added = {2011-10-22 00:23:02 -0400},
date-modified = {2011-10-24 00:57:03 -0400},
doi = {10.1081/PDE-200050089},
URL = {http://www.ams.org.proxy.library.nd.edu/mathscinet-getitem?mr=2131061},
uri = {papers://91AF5780-9F38-4A96-B102-C6AC35F44352/Paper/p164},
rating = {0}
}

@book{grafakos2008classical,
author = {L Grafakos}, 
journal = {Book},
title = {Classical Fourier Analysis},
year = {2008},
date-added = {2011-10-22 00:23:02 -0400},
date-modified = {2011-10-24 00:57:04 -0400},
local-url = {file://localhost/Users/davidkarapetyan/Documents/Papers/Grafakos_Classical%20Fourier%20Analysis_Book_2008.pdf},
uri = {papers://91AF5780-9F38-4A96-B102-C6AC35F44352/Paper/p100},
rating = {0}
}

@phdthesis{Schlotthauer-Hannah-Well-posedness-,
author = {Heather Schlotthauer-Hannah}, 
journal = {PhD Thesis},
title = {Well-posedness and Regularity for a Higher Order Periodic mKdV Equation},
affiliation = {Notre Dame, Indiana},
year = {2007},
month = {Apr},
date-added = {2011-10-22 00:23:02 -0400},
date-modified = {2011-10-24 00:56:12 -0400},
local-url = {file://localhost/Users/davidkarapetyan/Documents/Papers/Schlotthauer-Hannah_Well-posedness%20and%20Regularity%20for%20a%20Higher%20Order%20Periodic%20mKdV%20Equation_PhD%20Thesis_2007.pdf},
uri = {papers://91AF5780-9F38-4A96-B102-C6AC35F44352/Paper/p113},
read = {Yes},
rating = {0}
}

@article{Constantin_2002_On-the-geometri,
author = {Adrian Constantin and Boris Kolev}, 
journal = {J. Phys. A},
title = {On the geometric approach to the motion of inertial mechanical systems},
number = {32},
pages = {R51--R79},
volume = {35},
year = {2002},
date-added = {2011-10-22 00:23:03 -0400},
date-modified = {2011-10-24 00:56:24 -0400},
URL = {http://www.ams.org.proxy.library.nd.edu/mathscinet-getitem?mr=1930889},
local-url = {file://localhost/Users/davidkarapetyan/Documents/Papers/Constantin_On%20the%20geometric%20approach%20to%20the%20motion%20of%20inertial%20mechanical_J.%20Phys.%20A_2002.pdf},
uri = {papers://91AF5780-9F38-4A96-B102-C6AC35F44352/Paper/p39},
read = {Yes},
rating = {0}
}

@article{Molinet2009Sharp-ill-posed,
author = {Luc Molinet}, 
journal = {J. Funct. Anal.},
title = {Sharp ill-posedness result for the periodic Benjamin-Ono equation},
number = {11},
pages = {3488--3516},
volume = {257},
year = {2009},
date-added = {2011-10-22 00:23:02 -0400},
date-modified = {2011-10-24 00:56:12 -0400},
doi = {10.1016/j.jfa.2009.08.018},
URL = {http://www.ams.org.proxy.library.nd.edu/mathscinet-getitem?mr=2571435},
local-url = {file://localhost/Users/davidkarapetyan/Documents/Papers/Molinet_Sharp%20ill-posedness%20result%20for%20the%20periodic%20Benjamin-Ono%20equation_J.%20Funct.%20Anal._2009.pdf},
uri = {papers://91AF5780-9F38-4A96-B102-C6AC35F44352/Paper/p126},
read = {Yes},
rating = {0}
}

@article{Bona_1981_An-evaluation-o,
author = {J L Bona and W G Pritchard and L R Scott}, 
journal = {Philos. Trans. Roy. Soc. London Ser. A},
title = {An evaluation of a model equation for water waves},
number = {1471},
pages = {457--510},
volume = {302},
year = {1981},
date-added = {2011-10-22 00:23:02 -0400},
date-modified = {2011-10-24 00:56:49 -0400},
URL = {http://www.ams.org.proxy.library.nd.edu/mathscinet-getitem?mr=633485},
local-url = {file://localhost/Users/davidkarapetyan/Documents/Papers/Bona_An%20evaluation%20of%20a%20model%20equation%20for%20water%20waves_Philos.%20Trans.%20Roy.%20Soc.%20London%20Ser.%20A_1981.pdf},
uri = {papers://91AF5780-9F38-4A96-B102-C6AC35F44352/Paper/p103},
read = {Yes},
rating = {0}
}

@book{Erdelyi:1954kx,
author = {A Erd{\'e}lyi and W Magnus and F Oberhettinger and F G Tricomi}, 
journal = {Book},
title = {Tables of integral transforms. Vol. I},
note = {Based, in part, on notes left by Harry Bateman},
pages = {xx+391},
year = {1954},
date-added = {2011-10-22 00:23:02 -0400},
date-modified = {2011-10-24 00:56:22 -0400},
local-url = {file://localhost/Users/davidkarapetyan/Documents/Papers/Erd%C3%A9lyi_Tables%20of%20integral%20transforms.%20Vol.%20I_Book_1954.pdf},
uri = {papers://91AF5780-9F38-4A96-B102-C6AC35F44352/Paper/p138},
read = {Yes},
rating = {0}
}

@article{Bona:1975vn,
author = {J L Bona and R Smith}, 
journal = {Philos. Trans. Roy. Soc. London Ser. A},
title = {The initial-value problem for the Korteweg-de Vries equation},
number = {1287},
pages = {555--601},
volume = {278},
year = {1975},
date-added = {2011-10-22 00:23:02 -0400},
date-modified = {2011-10-24 00:56:23 -0400},
URL = {http://www.ams.org.proxy.library.nd.edu/mathscinet-getitem?mr=0385355},
local-url = {file://localhost/Users/davidkarapetyan/Documents/Papers/Bona_The%20initial-value%20problem%20for%20the%20Korteweg-de%20Vries%20equation_Philos.%20Trans.%20Roy.%20Soc.%20London%20Ser.%20A_1975.pdf},
uri = {papers://91AF5780-9F38-4A96-B102-C6AC35F44352/Paper/p43},
rating = {0}
}

@article{Ivanov_2005_On-the-integrab,
author = {Rossen Ivanov}, 
journal = {J. Nonlinear Math. Phys.},
title = {On the integrability of a class of nonlinear dispersive wave equations},
number = {4},
pages = {462--468},
volume = {12},
year = {2005},
date-added = {2011-10-22 00:23:02 -0400},
date-modified = {2011-10-24 00:56:23 -0400},
URL = {http://www.ams.org.proxy.library.nd.edu/mathscinet-getitem?mr=2171998},
local-url = {file://localhost/Users/davidkarapetyan/Documents/Papers/Ivanov_On%20the%20integrability%20of%20a%20class%20of%20nonlinear%20dispersive%20wave_J.%20Nonlinear%20Math.%20Phys._2005.pdf},
uri = {papers://91AF5780-9F38-4A96-B102-C6AC35F44352/Paper/p36},
read = {Yes},
rating = {0}
}

@book{Gratzer:2000fk,
author = {G Gratzer}, 
journal = {Book},
title = {Math into LATEX},
year = {2000},
date-added = {2011-10-22 00:23:02 -0400},
date-modified = {2011-10-24 00:56:46 -0400},
local-url = {file://localhost/Users/davidkarapetyan/Documents/Papers/Gratzer_Math%20into%20LATEX_Book_2000.pdf},
uri = {papers://91AF5780-9F38-4A96-B102-C6AC35F44352/Paper/p69},
rating = {0}
}

@article{Liu_2008_Blow-up-phenome,
author = {Yong-Ming Liu and Yong Zhou}, 
journal = {J. Phys. A},
title = {Blow-up phenomenon for a periodic rod equation},
number = {34},
pages = {344013, 10},
volume = {41},
year = {2008},
date-added = {2011-10-22 00:23:02 -0400},
date-modified = {2011-10-24 00:56:46 -0400},
URL = {http://www.ams.org.proxy.library.nd.edu/mathscinet-getitem?mr=2456350},
local-url = {file://localhost/Users/davidkarapetyan/Documents/Papers/Liu_Blow-up%20phenomenon%20for%20a%20periodic%20rod%20equation_J.%20Phys.%20A_2008.pdf},
uri = {papers://91AF5780-9F38-4A96-B102-C6AC35F44352/Paper/p163},
read = {Yes},
rating = {0}
}

@unpublished{Chen:2011fk,
author = {Robin Ming Chen and Yue Liu and Pingzheng Zhang}, 
title = {The H{\"o}lder Continuity of the Solution Map to the {\$}b{\$}-family Equation in weak topology},
year = {2011},
date-added = {2011-10-22 00:23:02 -0400},
date-modified = {2011-10-25 11:21:44 -0400},
local-url = {file://localhost/Users/davidkarapetyan/Documents/Papers/Chen_The%20H%C3%B6lder%20Continuity%20of%20the%20Solution%20Map%20to%20the%20$b$-family__2011.pdf},
uri = {papers://91AF5780-9F38-4A96-B102-C6AC35F44352/Paper/p142},
read = {Yes},
rating = {0}
}

@article{Bourgain-Fourier-transfo,
author = {Jean Bourgain}, 
journal = {Geom. Funct. Anal.},
title = {Fourier transform restriction phenomena for certain lattice subsets and applications to nonlinear evolution equations. II. The KdV-equation},
number = {3},
pages = {209--262},
volume = {3},
year = {1993},
date-added = {2011-10-22 00:23:02 -0400},
date-modified = {2011-10-24 00:56:43 -0400},
doi = {10.1007/BF01895688},
URL = {http://www.ams.org.proxy.library.nd.edu/mathscinet-getitem?mr=1215780},
local-url = {file://localhost/Users/davidkarapetyan/Documents/Papers/Bourgain_Fourier%20transform%20restriction%20phenomena%20for%20certain%20lattice%20subsets%20and%20applications_Geom.%20Funct.%20Anal._1993.pdf},
uri = {papers://91AF5780-9F38-4A96-B102-C6AC35F44352/Paper/p166},
read = {Yes},
rating = {0}
}

@incollection{Tzvetkov_2006_Ill-posedness-i,
author = {Nikolay Tzvetkov}, 
journal = {Collection},
title = {Ill-posedness issues for nonlinear dispersive equations},
affiliation = {Tokyo},
pages = {63--103},
volume = {27},
year = {2006},
date-added = {2011-10-22 00:23:02 -0400},
date-modified = {2011-10-24 00:56:24 -0400},
URL = {http://www.ams.org.proxy.library.nd.edu/mathscinet-getitem?mr=2404974},
local-url = {file://localhost/Users/davidkarapetyan/Documents/Papers/Tzvetkov_Ill-posedness%20issues%20for%20nonlinear%20dispersive%20equations_Collection_2006.pdf},
uri = {papers://91AF5780-9F38-4A96-B102-C6AC35F44352/Paper/p10},
read = {Yes},
rating = {0}
}

@book{Ablowitz:1991fk,
author = {MJ Ablowitz and PA Clarkson}, 
journal = {Book},
title = {Solitons, nonlinear evolution equations and inverse scattering},
year = {1991},
date-added = {2011-10-22 00:23:02 -0400},
date-modified = {2011-10-24 00:56:17 -0400},
uri = {papers://91AF5780-9F38-4A96-B102-C6AC35F44352/Paper/p14},
read = {Yes},
rating = {0}
}

@article{Danchin_2003_A-note-on-well-,
author = {Rapha{\"e}l Danchin}, 
journal = {J. Differential Equations},
title = {A note on well-posedness for Camassa-Holm equation},
number = {2},
pages = {429--444},
volume = {192},
year = {2003},
date-added = {2011-10-22 00:23:02 -0400},
date-modified = {2011-10-24 00:56:24 -0400},
URL = {http://www.ams.org.proxy.library.nd.edu/mathscinet-getitem?mr=1990847},
local-url = {file://localhost/Users/davidkarapetyan/Documents/Papers/Danchin_A%20note%20on%20well-posedness%20for%20Camassa-Holm%20equation_J.%20Differential%20Equations_2003.pdf},
uri = {papers://91AF5780-9F38-4A96-B102-C6AC35F44352/Paper/p102},
read = {Yes},
rating = {0}
}

@article{Zwillinger:2000p1073,
author = {Daniel Zwillinger and Stephen Kokoska}, 
title = {CRC standard probability and statistics tables and formulae},
pages = {x+554},
year = {2000},
date-added = {2011-10-24 12:27:49 -0400},
date-modified = {2011-10-24 12:27:49 -0400},
pmid = {MR1769133},
URL = {http://www.ams.org/mathscinet/search/publications.html?pg1=MR&s1=MR1769133},
local-url = {file://localhost/Users/davidkarapetyan/Documents/Papers/Zwillinger_CRC%20standard%20probability%20and%20statistics%20tables%20and%20formulae__2000.pdf},
uri = {papers://91AF5780-9F38-4A96-B102-C6AC35F44352/Paper/p1073},
read = {Yes},
rating = {0}
}

@article{Bourgain:1993aa,
author = {Jean Bourgain}, 
journal = {Geom. Funct. Anal.},
title = {Exponential sums and nonlinear Schr{\"o}dinger equations},
number = {2},
pages = {157--178},
volume = {3},
year = {1993},
date-added = {2011-10-22 00:23:02 -0400},
date-modified = {2011-10-24 00:56:23 -0400},
doi = {10.1007/BF01896021},
URL = {http://www.ams.org.proxy.library.nd.edu/mathscinet-getitem?mr=1209300},
local-url = {file://localhost/Users/davidkarapetyan/Documents/Papers/Bourgain_Exponential%20sums%20and%20nonlinear%20Schr%C3%B6dinger%20equations_Geom.%20Funct.%20Anal._1993.pdf},
uri = {papers://91AF5780-9F38-4A96-B102-C6AC35F44352/Paper/p145},
read = {Yes},
rating = {0}
}

@article{Koch_2005_Nonlinear-wave-,
author = {H Koch and N Tzvetkov}, 
journal = {Int. Math. Res. Not.},
title = {Nonlinear wave interactions for the Benjamin-Ono equation},
number = {30},
pages = {1833--1847},
year = {2005},
date-added = {2011-10-22 00:23:03 -0400},
date-modified = {2011-10-24 00:57:01 -0400},
URL = {http://ams.org/mathscinet-getitem?mr=2172940},
uri = {papers://91AF5780-9F38-4A96-B102-C6AC35F44352/Paper/p16},
read = {Yes},
rating = {0}
}

@book{Jost-1998-Postmodern-analysis,
author = {J{\"u}rgen Jost}, 
journal = {Book},
title = {Postmodern analysis},
affiliation = {Berlin},
annote = {Translated from the German manuscript by Hassan Azad},
pages = {xviii+353},
year = {1998},
date-added = {2011-10-22 00:23:02 -0400},
date-modified = {2011-10-24 00:56:45 -0400},
URL = {http://www.ams.org.proxy.library.nd.edu/mathscinet-getitem?mr=1490832},
local-url = {file://localhost/Users/davidkarapetyan/Documents/Papers/Jost_Postmodern%20analysis_Book_1998.pdf},
uri = {papers://91AF5780-9F38-4A96-B102-C6AC35F44352/Paper/p111},
read = {Yes},
rating = {0}
}

@book{Linares:2009fk,
author = {Felipe Linares and Gustavo Ponce}, 
journal = {Book},
title = {Introduction to nonlinear dispersive equations},
affiliation = {New York},
pages = {xii+256},
year = {2009},
date-added = {2011-10-22 00:23:02 -0400},
date-modified = {2011-10-24 00:56:53 -0400},
URL = {http://www.ams.org.proxy.library.nd.edu/mathscinet-getitem?mr=2492151},
local-url = {file://localhost/Users/davidkarapetyan/Documents/Papers/Linares_Introduction%20to%20nonlinear%20dispersive%20equations_Book_2009.pdf},
uri = {papers://91AF5780-9F38-4A96-B102-C6AC35F44352/Paper/p33},
rating = {0}
}

@article{Cazenave:2003p281,
author = {Thierry Cazenave}, 
title = {Semilinear Schr{\"o}dinger equations},
pages = {xiv+323},
volume = {10},
year = {2003},
date-added = {2011-10-22 01:03:01 -0400},
date-modified = {2011-10-24 00:56:26 -0400},
pmid = {MR2002047},
URL = {http://www.ams.org/mathscinet/search/publications.html?pg1=MR&s1=MR2002047},
uri = {papers://91AF5780-9F38-4A96-B102-C6AC35F44352/Paper/p281},
rating = {0}
}

@book{Knapp:2005yg,
author = {AW Knapp}, 
journal = {Book},
title = {Basic real analysis},
year = {2005},
date-added = {2011-10-22 00:23:02 -0400},
date-modified = {2011-10-24 00:56:58 -0400},
local-url = {file://localhost/Users/davidkarapetyan/Documents/Papers/Knapp_Basic%20real%20analysis_Book_2005.pdf},
uri = {papers://91AF5780-9F38-4A96-B102-C6AC35F44352/Paper/p46},
rating = {0}
}

@book{Ablowitz:1981kx,
author = {MJ Ablowitz and H Segur}, 
journal = {Book},
title = {Solitons and the inverse scattering transform},
year = {1981},
date-added = {2011-10-22 00:23:02 -0400},
date-modified = {2011-10-24 00:56:48 -0400},
uri = {papers://91AF5780-9F38-4A96-B102-C6AC35F44352/Paper/p72},
read = {Yes},
rating = {0}
}

@article{Gorsky_2007_Well-posedness-,
author = {Jennifer Gorsky and Alex Himonas}, 
journal = {Dyn. Contin. Discrete Impuls. Syst. Ser. A Math. Anal.},
title = {Well-posedness for a class of nonlinear dispersive equations},
number = {Advances in Dynamical Systems, suppl. S2},
pages = {85--90},
volume = {14},
year = {2007},
date-added = {2011-10-22 00:23:02 -0400},
date-modified = {2011-10-24 00:56:49 -0400},
URL = {http://www.ams.org.proxy.library.nd.edu/mathscinet-getitem?mr=2384111},
uri = {papers://91AF5780-9F38-4A96-B102-C6AC35F44352/Paper/p45},
read = {Yes},
rating = {0}
}

@article{Dai_1999_Nonlinear-trave,
author = {Hui-Hui Dai and Xiao-Hua Zhao}, 
journal = {R. Soc. Lond. Proc. Ser. A Math. Phys. Eng. Sci.},
title = {Nonlinear travelling waves in a rod composed of a modified Mooney-Rivlin material. I. Bifurcation of critical points and the non-singular case},
number = {1990},
pages = {3845--3874},
volume = {455},
year = {1999},
date-added = {2011-10-22 00:23:02 -0400},
date-modified = {2011-10-24 00:57:02 -0400},
URL = {http://www.ams.org.proxy.library.nd.edu/mathscinet-getitem?mr=1811318},
local-url = {file://localhost/Users/davidkarapetyan/Documents/Papers/Dai_Nonlinear%20travelling%20waves%20in%20a%20rod%20composed%20of%20a%20modified_R.%20Soc.%20Lond.%20Proc.%20Ser.%20A%20Math.%20Phys.%20Eng.%20Sci._1999.pdf},
uri = {papers://91AF5780-9F38-4A96-B102-C6AC35F44352/Paper/p108},
read = {Yes},
rating = {0}
}

@article{Taylor_2003_Commutator-esti,
author = {Michael Eugene Taylor}, 
journal = {Proc. Amer. Math. Soc.},
title = {Commutator estimates},
number = {5},
pages = {1501--1507 (electronic)},
volume = {131},
year = {2003},
date-added = {2011-10-22 00:23:02 -0400},
date-modified = {2011-10-24 00:56:18 -0400},
URL = {http://www.ams.org.proxy.library.nd.edu/mathscinet-getitem?mr=1949880},
uri = {papers://91AF5780-9F38-4A96-B102-C6AC35F44352/Paper/p8},
read = {Yes},
rating = {0}
}

@article{Colliander_Keel_Staffilani_Takaoka_Tao-A-refined-globa,
author = {J Colliander and M Keel and G Staffilani and H Takaoka and T Tao}, 
journal = {SIAM J. Math. Anal.},
title = {A refined global well-posedness result for Schr{\"o}dinger equations with derivative},
number = {1},
pages = {64--86 (electronic)},
volume = {34},
year = {2002},
date-added = {2011-10-22 00:23:02 -0400},
date-modified = {2011-10-24 00:56:18 -0400},
doi = {10.1137/S0036141001394541},
URL = {http://www.ams.org.proxy.library.nd.edu/mathscinet-getitem?mr=1950826},
local-url = {file://localhost/Users/davidkarapetyan/Documents/Papers/Colliander_A%20refined%20global%20well-posedness%20result%20for%20Schr%C3%B6dinger%20equations%20with%20derivative_SIAM%20J.%20Math.%20Anal._2002.pdf},
uri = {papers://91AF5780-9F38-4A96-B102-C6AC35F44352/Paper/p131},
read = {Yes},
rating = {0}
}

@article{Saut:1976fk,
author = {J C Saut and R Temam}, 
journal = {Israel J. Math.},
title = {Remarks on the Korteweg-de Vries equation},
number = {1},
pages = {78--87},
volume = {24},
year = {1976},
date-added = {2011-10-22 00:23:02 -0400},
date-modified = {2011-10-24 00:56:18 -0400},
URL = {http://www.ams.org.proxy.library.nd.edu/mathscinet-getitem?mr=0454425},
local-url = {file://localhost/Users/davidkarapetyan/Documents/Papers/Saut_Remarks%20on%20the%20Korteweg-de%20Vries%20equation_Israel%20J.%20Math._1976.pdf},
uri = {papers://91AF5780-9F38-4A96-B102-C6AC35F44352/Paper/p114},
rating = {0}
}

@book{Yosida:1980fk,
author = {K{\^o}saku Yosida}, 
journal = {Book},
title = {Functional analysis},
affiliation = {Berlin},
pages = {xii+501},
volume = {123},
year = {1980},
date-added = {2011-10-22 00:23:02 -0400},
date-modified = {2011-10-24 00:56:23 -0400},
URL = {http://www.ams.org.proxy.library.nd.edu/mathscinet-getitem?mr=617913},
local-url = {file://localhost/Users/davidkarapetyan/Documents/Papers/Yosida_Functional%20analysis_Book_1980.pdf},
uri = {papers://91AF5780-9F38-4A96-B102-C6AC35F44352/Paper/p76},
rating = {0}
}

@article{Herr:2010p886,
author = {Sebastian Herr and Alexandru D Ionescu and Carlos E Kenig and Herbert Koch}, 
journal = {Comm. Partial Differential Equations},
title = {A para-differential renormalization technique for nonlinear dispersive equations},
number = {10},
pages = {1827--1875},
volume = {35},
year = {2010},
date-added = {2011-10-24 00:49:54 -0400},
date-modified = {2011-10-24 00:56:18 -0400},
pmid = {MR2754070},
URL = {http://www.ams.org/mathscinet/search/publications.html?pg1=MR&s1=MR2754070},
local-url = {file://localhost/Users/davidkarapetyan/Documents/Papers/Herr_A%20para-differential%20renormalization%20technique%20for%20nonlinear%20dispersive%20equations_Comm.%20Partial%20Differential%20Equations_2010.pdf},
uri = {papers://91AF5780-9F38-4A96-B102-C6AC35F44352/Paper/p886},
rating = {0}
}

@article{Dai_2000_Head-on-collisi,
author = {Hui-Hui Dai and Shiqiang Dai and Yi Huo}, 
journal = {Wave Motion},
title = {Head-on collision between two solitary waves in a compressible Mooney-Rivlin elastic rod},
number = {2},
pages = {93--111},
volume = {32},
year = {2000},
date-added = {2011-10-22 00:23:02 -0400},
date-modified = {2011-10-24 00:56:24 -0400},
URL = {http://www.ams.org.proxy.library.nd.edu/mathscinet-getitem?mr=1766535},
local-url = {file://localhost/Users/davidkarapetyan/Documents/Papers/Dai_Head-on%20collision%20between%20two%20solitary%20waves%20in%20a%20compressible%20Mooney-Rivlin_Wave%20Motion_2000.pdf},
uri = {papers://91AF5780-9F38-4A96-B102-C6AC35F44352/Paper/p156},
read = {Yes},
rating = {0}
}

@article{Molinet-2009-On-ill-posedness-for-the-one-dimensional-periodic,
author = {Luc Molinet}, 
journal = {Math. Res. Lett.},
title = {On ill-posedness for the one-dimensional periodic cubic Schrodinger equation},
number = {1},
pages = {111--120},
volume = {16},
year = {2009},
date-added = {2011-10-22 00:23:02 -0400},
date-modified = {2011-10-24 00:56:23 -0400},
URL = {http://www.ams.org.proxy.library.nd.edu/mathscinet-getitem?mr=2480565},
local-url = {file://localhost/Users/davidkarapetyan/Documents/Papers/Molinet_On%20ill-posedness%20for%20the%20one-dimensional%20periodic%20cubic%20Schrodinger%20equation_Math.%20Res.%20Lett._2009.pdf},
uri = {papers://91AF5780-9F38-4A96-B102-C6AC35F44352/Paper/p48},
read = {Yes},
rating = {0}
}

@article{Mustafa_2008_Global-dissipat,
author = {Octavian G Mustafa}, 
journal = {J. Nonlinear Math. Phys.},
title = {Global dissipative solutions of the generalized Camassa-Holm equation},
number = {suppl. 2},
pages = {96--115},
volume = {15},
year = {2008},
date-added = {2011-10-22 00:23:02 -0400},
date-modified = {2011-10-24 00:57:01 -0400},
URL = {http://www.ams.org.proxy.library.nd.edu/mathscinet-getitem?mr=2434728},
local-url = {file://localhost/Users/davidkarapetyan/Documents/Papers/Mustafa_Global%20dissipative%20solutions%20of%20the%20generalized%20Camassa-Holm%20equation_J.%20Nonlinear%20Math.%20Phys._2008.pdf},
uri = {papers://91AF5780-9F38-4A96-B102-C6AC35F44352/Paper/p70},
read = {Yes},
rating = {0}
}

@article{Danchin_2001_A-few-remarks-o,
author = {Rapha{\"e}l Danchin}, 
journal = {Differential Integral Equations},
title = {A few remarks on the Camassa-Holm equation},
number = {8},
pages = {953--988},
volume = {14},
year = {2001},
date-added = {2011-10-22 00:23:02 -0400},
date-modified = {2011-10-24 00:56:54 -0400},
URL = {http://ams.org/mathscinet-getitem?mr=1827098},
uri = {papers://91AF5780-9F38-4A96-B102-C6AC35F44352/Paper/p29},
read = {Yes},
rating = {0}
}

@book{Stein:1970uq,
author = {Elias M Stein}, 
journal = {Book},
title = {Singular integrals and differentiability properties of functions},
affiliation = {Princeton, N.J.},
pages = {xiv+290},
year = {1970},
date-added = {2011-10-22 00:23:02 -0400},
date-modified = {2011-10-24 00:57:02 -0400},
URL = {http://www.ams.org.proxy.library.nd.edu/mathscinet-getitem?mr=0290095},
local-url = {file://localhost/Users/davidkarapetyan/Documents/Papers/Stein_Singular%20integrals%20and%20differentiability%20properties%20of%20functions_Book_1970.pdf},
uri = {papers://91AF5780-9F38-4A96-B102-C6AC35F44352/Paper/p90},
rating = {0}
}

@book{Arnolcprimed:1992ly,
author = {Vladimir I Arnol\cprimed}, 
journal = {Book},
title = {Ordinary differential equations},
affiliation = {Berlin},
annote = {Translated from the third Russian edition by Roger Cooke},
pages = {334},
year = {1992},
date-added = {2011-10-22 00:23:02 -0400},
date-modified = {2011-10-24 00:56:18 -0400},
URL = {http://www.ams.org.proxy.library.nd.edu/mathscinet-getitem?mr=1162307},
uri = {papers://91AF5780-9F38-4A96-B102-C6AC35F44352/Paper/p35},
rating = {0}
}

@article{Holden_2007_Global-conserva,
author = {Helge Holden and Xavier Raynaud}, 
journal = {J. Differential Equations},
title = {Global conservative solutions of the generalized hyperelastic-rod wave equation},
number = {2},
pages = {448--484},
volume = {233},
year = {2007},
date-added = {2011-10-22 00:23:02 -0400},
date-modified = {2011-10-24 00:57:03 -0400},
URL = {http://www.ams.org.proxy.library.nd.edu/mathscinet-getitem?mr=2292515},
local-url = {file://localhost/Users/davidkarapetyan/Documents/Papers/Holden_Global%20conservative%20solutions%20of%20the%20generalized%20hyperelastic-rod%20wave%20equation_J.%20Differential%20Equations_2007.pdf},
uri = {papers://91AF5780-9F38-4A96-B102-C6AC35F44352/Paper/p95},
read = {Yes},
rating = {0}
}

@article{Constantin_1998_Well-posedness-,
author = {Adrian Constantin and Joachim Escher}, 
journal = {Comm. Pure Appl. Math.},
title = {Well-posedness, global existence, and blowup phenomena for a periodic quasi-linear hyperbolic equation},
number = {5},
pages = {475--504},
volume = {51},
year = {1998},
date-added = {2011-10-22 00:23:02 -0400},
date-modified = {2011-10-24 00:56:46 -0400},
URL = {http://www.ams.org.proxy.library.nd.edu/mathscinet-getitem?mr=1604278},
local-url = {file://localhost/Users/davidkarapetyan/Documents/Papers/Constantin_Well-posedness%20global%20existence%20and%20blowup%20phenomena%20for%20a%20periodic%20quasi-linear_Comm.%20Pure%20Appl.%20Math._1998.pdf},
uri = {papers://91AF5780-9F38-4A96-B102-C6AC35F44352/Paper/p128},
read = {Yes},
rating = {0}
}

@article{Kenig-Ponce-Vega-1996-Quadratic-forms-for-the-1-D-semilinear,
author = {Carlos E Kenig and Gustavo Ponce and Luis Vega}, 
journal = {Trans. Amer. Math. Soc.},
title = {Quadratic forms for the {\$}1{\$}-D semilinear Schr{\"o}dinger equation},
number = {8},
pages = {3323--3353},
volume = {348},
year = {1996},
date-added = {2011-10-22 00:23:02 -0400},
date-modified = {2011-10-24 00:57:01 -0400},
doi = {10.1090/S0002-9947-96-01645-5},
URL = {http://www.ams.org.proxy.library.nd.edu/mathscinet-getitem?mr=1357398},
local-url = {file://localhost/Users/davidkarapetyan/Documents/Papers/Kenig_Quadratic%20forms%20for%20the%20$1$-D%20semilinear%20Schr%C3%B6dinger%20equation_Trans.%20Amer.%20Math.%20Soc._1996.pdf},
uri = {papers://91AF5780-9F38-4A96-B102-C6AC35F44352/Paper/p18},
read = {Yes},
rating = {0}
}

@article{Himonas:2002aa,
author = {Alex Himonas and Gerard Misiolek}, 
journal = {Proc. Amer. Math. Soc.},
title = {A priori estimates for higher order multipliers on a circle},
number = {10},
pages = {3043--3050 (electronic)},
volume = {130},
year = {2002},
date-added = {2011-10-22 00:23:03 -0400},
date-modified = {2011-10-24 00:57:05 -0400},
doi = {10.1090/S0002-9939-02-06439-0},
URL = {http://www.ams.org.proxy.library.nd.edu/mathscinet-getitem?mr=1908929},
local-url = {file://localhost/Users/davidkarapetyan/Documents/Papers/Himonas_A%20priori%20estimates%20for%20higher%20order%20multipliers%20on%20a%20circle_Proc.%20Amer.%20Math.%20Soc._2002.pdf},
uri = {papers://91AF5780-9F38-4A96-B102-C6AC35F44352/Paper/p133},
read = {Yes},
rating = {0}
}

@unpublished{Christ:aa,
author = {Michael Christ and James Colliander and Terence Tao}, 
title = {Ill-posedness for nonlinear Schrodinger and wave equations},
year = {2003},
date-added = {2011-10-22 00:23:02 -0400},
date-modified = {2011-10-24 00:56:18 -0400},
URL = {http://arxiv.org/abs/math/0311048},
local-url = {file://localhost/Users/davidkarapetyan/Documents/Papers/Christ_Ill-posedness%20for%20nonlinear%20Schrodinger%20and%20wave%20equations__2003.pdf},
uri = {papers://91AF5780-9F38-4A96-B102-C6AC35F44352/Paper/p15},
read = {Yes},
rating = {0}
}

@article{Dai_1998_Exact-travellin,
author = {H-H Dai}, 
journal = {Wave Motion},
title = {Exact travelling-wave solutions of an integrable equation arising in hyperelastic rods},
number = {4},
pages = {367--381},
volume = {28},
year = {1998},
date-added = {2011-10-22 00:23:02 -0400},
date-modified = {2011-10-24 00:56:22 -0400},
URL = {http://www.ams.org.proxy.library.nd.edu/mathscinet-getitem?mr=1642422},
local-url = {file://localhost/Users/davidkarapetyan/Documents/Papers/Dai_Exact%20travelling-wave%20solutions%20of%20an%20integrable%20equation%20arising%20in%20hyperelastic_Wave%20Motion_1998.pdf},
uri = {papers://91AF5780-9F38-4A96-B102-C6AC35F44352/Paper/p159},
read = {Yes},
rating = {0}
}

@book{Knapp:2005rm,
author = {AW Knapp}, 
journal = {Book},
title = {Advanced real analysis},
year = {2005},
date-added = {2011-10-22 00:23:02 -0400},
date-modified = {2011-10-24 00:56:26 -0400},
local-url = {file://localhost/Users/davidkarapetyan/Documents/Papers/Knapp_Advanced%20real%20analysis_Book_2005.pdf},
uri = {papers://91AF5780-9F38-4A96-B102-C6AC35F44352/Paper/p146},
rating = {0}
}

@article{Misioek_2002_Classical-solut,
author = {G Misiolek}, 
journal = {Geom. Funct. Anal.},
title = {Classical solutions of the periodic Camassa-Holm equation},
number = {5},
pages = {1080--1104},
volume = {12},
year = {2002},
date-added = {2011-10-22 00:23:02 -0400},
date-modified = {2011-10-24 00:56:17 -0400},
URL = {http://www.ams.org.proxy.library.nd.edu/mathscinet-getitem?mr=1937835},
local-url = {file://localhost/Users/davidkarapetyan/Documents/Papers/Misiolek_Classical%20solutions%20of%20the%20periodic%20Camassa-Holm%20equation_Geom.%20Funct.%20Anal._2002.pdf},
uri = {papers://91AF5780-9F38-4A96-B102-C6AC35F44352/Paper/p65},
read = {Yes},
rating = {0}
}

@article{Rodriguez-Blanco_2001_On-the-Cauchy-p,
author = {Guillermo Rodr\'iguez-Blanco}, 
journal = {Nonlinear Anal.},
title = {On the Cauchy problem for the Camassa-Holm equation},
number = {3, Ser. A: Theory Methods},
pages = {309--327},
volume = {46},
year = {2001},
date-added = {2011-10-22 00:23:02 -0400},
date-modified = {2011-10-24 00:57:02 -0400},
URL = {http://www.ams.org.proxy.library.nd.edu/mathscinet-getitem?mr=1851854},
uri = {papers://91AF5780-9F38-4A96-B102-C6AC35F44352/Paper/p151},
read = {Yes},
rating = {0}
}

@article{Ginibre:1996fk,
author = {Jean Ginibre}, 
journal = {Ast{\'e}risque},
title = {Le probl{\`e}me de Cauchy pour des EDP semi-lin{\'e}aires p{\'e}riodiques en variables d'espace (d'apr{\`e}s Bourgain)},
note = {S{{\'e}}minaire Bourbaki, Vol. 1994/95},
number = {237},
pages = {Exp.\ No.\ 796, 4, 163--187},
year = {1996},
date-added = {2011-10-22 00:23:03 -0400},
date-modified = {2011-10-24 00:56:24 -0400},
URL = {http://www.ams.org.proxy.library.nd.edu/mathscinet-getitem?mr=1423623},
uri = {papers://91AF5780-9F38-4A96-B102-C6AC35F44352/Paper/p66},
read = {Yes},
rating = {0}
}

@article{korteweg1895xli,
author = {DJ Korteweg and G De Vries}, 
journal = {Philosophical Magazine Series 5},
title = {XLI. On the change of form of long waves advancing in a rectangular canal, and on a new type of long stationary waves},
number = {240},
pages = {422--443},
volume = {39},
year = {1895},
date-added = {2011-10-22 00:23:03 -0400},
date-modified = {2011-10-24 00:56:13 -0400},
uri = {papers://91AF5780-9F38-4A96-B102-C6AC35F44352/Paper/p62},
read = {Yes},
rating = {0}
}

@article{Himonas_2007_Non-uniform-con,
author = {Alex Himonas and Gerard Misiolek and Gustavo Ponce}, 
journal = {Asian J. Math.},
title = {Non-uniform continuity in {\$}H\^ 1{\$} of the solution map of the CH equation},
number = {1},
pages = {141--150},
volume = {11},
year = {2007},
date-added = {2011-10-22 00:23:02 -0400},
date-modified = {2011-10-24 00:56:23 -0400},
URL = {http://www.ams.org.proxy.library.nd.edu/mathscinet-getitem?mr=2304587},
uri = {papers://91AF5780-9F38-4A96-B102-C6AC35F44352/Paper/p176},
read = {Yes},
rating = {0}
}

@article{Gorsky-The-Cauchy-prob,
author = {Jennifer M Gorsky}, 
journal = {Differential Integral Equations},
title = {The Cauchy problem for a modified Camassa-Holm equation with analytic initial data},
number = {11-12},
pages = {1233--1254},
volume = {17},
year = {2004},
date-added = {2011-10-22 00:23:02 -0400},
date-modified = {2011-10-24 00:56:26 -0400},
URL = {http://www.ams.org.proxy.library.nd.edu/mathscinet-getitem?mr=2100024},
uri = {papers://91AF5780-9F38-4A96-B102-C6AC35F44352/Paper/p98},
read = {Yes},
rating = {0}
}

@article{Himonas_2009_Non-uniform-dep-euler,
author = {Alex Himonas and Gerard Misiolek}, 
journal = {Communications in Mathematical Physics},
title = {Non-uniform dependence on initial data of solutions to the Euler equations of hydrodynamics},
year = {2009},
date-added = {2011-10-22 00:23:02 -0400},
date-modified = {2011-10-24 00:56:13 -0400},
uri = {papers://91AF5780-9F38-4A96-B102-C6AC35F44352/Paper/p5},
read = {Yes},
rating = {0}
}

@article{boussinesq1872th,
author = {J Boussinesq}, 
journal = {J. Math. Pures Appl.},
title = {Th {\$}\{\$}{\'e}{\$}\{\$} orie des ondes et des remous qui se propagent le long d{\$}\backslash{\$}'un canal rectangulaire horizontal, en communiquant au liquide contenu dans ce canal des vitesses sensiblement pareilles de la surface au fond},
number = {2},
pages = {55--108},
volume = {17},
year = {1872},
date-added = {2011-10-22 00:23:02 -0400},
date-modified = {2011-10-24 00:56:12 -0400},
uri = {papers://91AF5780-9F38-4A96-B102-C6AC35F44352/Paper/p94},
rating = {0}
}

@book{Taylor_1991_Pseudodifferent,
author = {Michael Eugene Taylor}, 
journal = {Book},
title = {Pseudodifferential operators and nonlinear PDE},
affiliation = {Boston, MA},
pages = {213},
volume = {100},
year = {1991},
date-added = {2011-10-22 00:23:02 -0400},
date-modified = {2011-10-24 00:56:47 -0400},
URL = {http://www.ams.org.proxy.library.nd.edu/mathscinet-getitem?mr=1121019},
uri = {papers://91AF5780-9F38-4A96-B102-C6AC35F44352/Paper/p107},
read = {Yes},
rating = {0}
}

@article{Liu:1993qf,
author = {Yue Liu}, 
journal = {J. Dynam. Differential Equations},
title = {Instability of solitary waves for generalized Boussinesq equations},
number = {3},
pages = {537--558},
volume = {5},
year = {1993},
date-added = {2011-10-22 00:23:02 -0400},
date-modified = {2011-10-24 00:56:53 -0400},
doi = {10.1007/BF01053535},
URL = {http://www.ams.org.proxy.library.nd.edu/mathscinet-getitem?mr=1235042},
local-url = {file://localhost/Users/davidkarapetyan/Documents/Papers/Liu_Instability%20of%20solitary%20waves%20for%20generalized%20Boussinesq%20equations_J.%20Dynam.%20Differential%20Equations_1993.pdf},
uri = {papers://91AF5780-9F38-4A96-B102-C6AC35F44352/Paper/p22},
rating = {0}
}

@article{Molinet_2004_On-well-posedne,
author = {Luc Molinet}, 
journal = {J. Nonlinear Math. Phys.},
title = {On well-posedness results for Camassa-Holm equation on the line: a survey},
number = {4},
pages = {521--533},
volume = {11},
year = {2004},
date-added = {2011-10-22 00:23:02 -0400},
date-modified = {2011-10-24 00:56:24 -0400},
URL = {http://www.ams.org.proxy.library.nd.edu/mathscinet-getitem?mr=2097662},
local-url = {file://localhost/Users/davidkarapetyan/Documents/Papers/Molinet_On%20well-posedness%20results%20for%20Camassa-Holm%20equation%20on%20the%20line%20a_J.%20Nonlinear%20Math.%20Phys._2004.pdf},
uri = {papers://91AF5780-9F38-4A96-B102-C6AC35F44352/Paper/p173},
read = {Yes},
rating = {0}
}

@book{Tao-2006-Nonlinear-dispersive-equations,
author = {Terence Tao}, 
journal = {Book},
title = {Nonlinear dispersive equations},
note = {Local and global analysis},
pages = {xvi+373},
volume = {106},
year = {2006},
date-added = {2011-10-22 00:23:02 -0400},
date-modified = {2011-10-24 00:56:12 -0400},
URL = {http://www.ams.org.proxy.library.nd.edu/mathscinet-getitem?mr=2233925},
local-url = {file://localhost/Users/davidkarapetyan/Documents/Papers/Tao_Nonlinear%20dispersive%20equations_Book_2006.pdf},
uri = {papers://91AF5780-9F38-4A96-B102-C6AC35F44352/Paper/p84},
read = {Yes},
rating = {0}
}

@article{Himonas_Misiolek-A-priori-estima,
author = {Alex Himonas and Gerard Misiolek}, 
journal = {Illinois J. Math.},
title = {A priori estimates for Schr{\"o}dinger type multipliers},
number = {2},
pages = {631--640},
volume = {45},
year = {2001},
date-added = {2011-10-22 00:23:02 -0400},
date-modified = {2011-10-24 00:56:23 -0400},
URL = {http://www.ams.org.proxy.library.nd.edu/mathscinet-getitem?mr=1878623},
uri = {papers://91AF5780-9F38-4A96-B102-C6AC35F44352/Paper/p7},
read = {Yes},
rating = {0}
}

@article{Linares:1993ly,
author = {Felipe Linares}, 
journal = {J. Differential Equations},
title = {Global existence of small solutions for a generalized Boussinesq equation},
number = {2},
pages = {257--293},
volume = {106},
year = {1993},
date-added = {2011-10-22 00:23:02 -0400},
date-modified = {2011-10-24 00:56:54 -0400},
doi = {10.1006/jdeq.1993.1108},
URL = {http://www.ams.org.proxy.library.nd.edu/mathscinet-getitem?mr=1251854},
local-url = {file://localhost/Users/davidkarapetyan/Documents/Papers/Linares_Global%20existence%20of%20small%20solutions%20for%20a%20generalized%20Boussinesq%20equation_J.%20Differential%20Equations_1993.pdf},
uri = {papers://91AF5780-9F38-4A96-B102-C6AC35F44352/Paper/p21},
rating = {0}
}

@article{Karapetyan:2010fk,
author = {David Karapetyan}, 
journal = {J. Differential Equations},
title = {Non-uniform dependence and well-posedness for the hyperelastic rod equation},
number = {4},
pages = {796--826},
volume = {249},
year = {2010},
date-added = {2011-10-22 00:23:02 -0400},
date-modified = {2011-10-24 00:56:22 -0400},
doi = {10.1016/j.jde.2010.04.002},
URL = {http://www.ams.org.proxy.library.nd.edu/mathscinet-getitem?mr=2652154},
local-url = {file://localhost/Users/davidkarapetyan/Documents/Papers/Karapetyan_Non-uniform%20dependence%20and%20well-posedness%20for%20the%20hyperelastic%20rod%20equation_J.%20Differential%20Equations_2010.pdf},
uri = {papers://91AF5780-9F38-4A96-B102-C6AC35F44352/Paper/p80},
rating = {0}
}

@article{Li_2000_Well-posedness-,
author = {Yi A Li and Peter J Olver}, 
journal = {J. Differential Equations},
title = {Well-posedness and blow-up solutions for an integrable nonlinearly dispersive model wave equation},
number = {1},
pages = {27--63},
volume = {162},
year = {2000},
date-added = {2011-10-22 00:23:03 -0400},
date-modified = {2011-10-24 00:57:02 -0400},
URL = {http://www.ams.org.proxy.library.nd.edu/mathscinet-getitem?mr=1741872},
local-url = {file://localhost/Users/davidkarapetyan/Documents/Papers/Li_Well-posedness%20and%20blow-up%20solutions%20for%20an%20integrable%20nonlinearly%20dispersive%20model_J.%20Differential%20Equations_2000.pdf},
uri = {papers://91AF5780-9F38-4A96-B102-C6AC35F44352/Paper/p41},
read = {Yes},
rating = {0}
}

@book{whittaker1996course,
author = {ET Whittaker and GN Watson}, 
journal = {Book},
title = {A course of modern analysis. Cambridge Mathematical Library},
year = {1996},
date-added = {2011-10-22 00:23:02 -0400},
date-modified = {2011-10-24 00:56:19 -0400},
local-url = {file://localhost/Users/davidkarapetyan/Documents/Papers/Whittaker_A%20course%20of%20modern%20analysis.%20Cambridge%20Mathematical%20Library_Book_1996.pdf},
uri = {papers://91AF5780-9F38-4A96-B102-C6AC35F44352/Paper/p54},
rating = {0}
}

@article{Benjamin_1972_The-stability-o,
author = {T B Benjamin}, 
journal = {Proc. Roy. Soc. (London) Ser. A},
title = {The stability of solitary waves},
pages = {153--183},
volume = {328},
year = {1972},
date-added = {2011-10-22 00:23:02 -0400},
date-modified = {2011-10-24 00:56:53 -0400},
URL = {http://www.ams.org.proxy.library.nd.edu/mathscinet-getitem?mr=0338584},
uri = {papers://91AF5780-9F38-4A96-B102-C6AC35F44352/Paper/p77},
read = {Yes},
rating = {0}
}

@article{Staffilani:2003aa,
author = {G Staffilani and Jean Bourgain}, 
journal = {Bulletin of the American Mathematical Society},
title = {BOOK REVIEWS-Global solutions of nonlinear Schrodinger equations},
number = {1},
pages = {99--108},
volume = {40},
year = {2003},
date-added = {2011-10-22 00:23:02 -0400},
date-modified = {2011-10-24 00:56:52 -0400},
local-url = {file://localhost/Users/davidkarapetyan/Documents/Papers/Staffilani_BOOK%20REVIEWS-Global%20solutions%20of%20nonlinear%20Schrodinger%20equations_Bulletin%20of%20the%20American%20Mathematical%20Society_2003.pdf},
uri = {papers://91AF5780-9F38-4A96-B102-C6AC35F44352/Paper/p121},
read = {Yes},
rating = {0}
}

@article{Kenig:1996aa,
author = {Carlos E Kenig and Gustavo Ponce and Luis Vega}, 
journal = {J. Amer. Math. Soc.},
title = {A bilinear estimate with applications to the KdV equation},
number = {2},
pages = {573--603},
volume = {9},
year = {1996},
date-added = {2011-10-22 00:23:02 -0400},
date-modified = {2011-10-24 00:57:03 -0400},
doi = {10.1090/S0894-0347-96-00200-7},
URL = {http://www.ams.org.proxy.library.nd.edu/mathscinet-getitem?mr=1329387},
local-url = {file://localhost/Users/davidkarapetyan/Documents/Papers/Kenig_A%20bilinear%20estimate%20with%20applications%20to%20the%20KdV%20equation_J.%20Amer.%20Math.%20Soc._1996.pdf},
uri = {papers://91AF5780-9F38-4A96-B102-C6AC35F44352/Paper/p81},
read = {Yes},
rating = {0}
}

@book{Taylor:2011eu,
author = {Michael E Taylor}, 
journal = {Book},
title = {Partial differential equations III. Nonlinear equations},
affiliation = {New York},
pages = {xxii+715},
volume = {117},
year = {2011},
date-added = {2011-10-22 00:23:02 -0400},
date-modified = {2011-10-24 00:56:52 -0400},
URL = {http://www.ams.org.proxy.library.nd.edu/mathscinet-getitem?mr=2744149},
local-url = {file://localhost/Users/davidkarapetyan/Documents/Papers/Taylor_Partial%20differential%20equations%20III.%20Nonlinear%20equations_Book_2011.pdf},
uri = {papers://91AF5780-9F38-4A96-B102-C6AC35F44352/Paper/p177},
rating = {0}
}

@article{Coclite_Karlsen_Risebro-Numerical-schem,
author = {G M Coclite and K H Karlsen and N H Risebro}, 
journal = {IMA J. Numer. Anal.},
title = {Numerical schemes for computing discontinuous solutions of the Degasperis-Procesi equation},
number = {1},
pages = {80--105},
volume = {28},
year = {2008},
date-added = {2011-10-22 00:23:02 -0400},
date-modified = {2011-10-24 00:56:18 -0400},
doi = {10.1093/imanum/drm003},
URL = {http://ams.org/mathscinet-getitem?mr=2387906},
uri = {papers://91AF5780-9F38-4A96-B102-C6AC35F44352/Paper/p105},
read = {Yes},
rating = {0}
}

@article{Lenells_2006_Traveling-waves,
author = {Jonatan Lenells}, 
journal = {Discrete Contin. Dyn. Syst. Ser. B},
title = {Traveling waves in compressible elastic rods},
number = {1},
pages = {151--167 (electronic)},
volume = {6},
year = {2006},
date-added = {2011-10-22 00:23:02 -0400},
date-modified = {2011-10-24 00:56:12 -0400},
URL = {http://ams.org/mathscinet-getitem?mr=2172200},
local-url = {file://localhost/Users/davidkarapetyan/Documents/Papers/Lenells_Traveling%20waves%20in%20compressible%20elastic%20rods_Discrete%20Contin.%20Dyn.%20Syst.%20Ser.%20B_2006.pdf},
uri = {papers://91AF5780-9F38-4A96-B102-C6AC35F44352/Paper/p96},
read = {Yes},
rating = {0}
}

@article{Zhang:2009aa,
author = {Guoping Zhang}, 
journal = {Int. J. Evol. Equ.},
title = {Generalized Leibnitz rule and its application to nonlinear Schr{\"o}dinger equations with superquadratic potentials},
number = {3},
pages = {357--368},
volume = {3},
year = {2009},
date-added = {2011-10-22 00:23:02 -0400},
date-modified = {2011-10-24 00:56:18 -0400},
URL = {http://www.ams.org.proxy.library.nd.edu/mathscinet-getitem?mr=2531155},
uri = {papers://91AF5780-9F38-4A96-B102-C6AC35F44352/Paper/p91},
read = {Yes},
rating = {0}
}

@article{Olson_2006_The-initial-val,
author = {Erika Olson}, 
journal = {Differential Integral Equations},
title = {The initial value problem for two nonlinear evolution equations},
number = {10},
pages = {1081--1102},
volume = {19},
year = {2006},
date-added = {2011-10-22 00:23:02 -0400},
date-modified = {2011-10-24 00:56:18 -0400},
URL = {http://www.google.com/search?client=safari&rls=en-us&q=The+initial+value+problem+for+two+nonlinear+evolution+equations&ie=UTF-8&oe=UTF-8},
uri = {papers://91AF5780-9F38-4A96-B102-C6AC35F44352/Paper/p101},
read = {Yes},
rating = {0}
}

@article{Constantin_1998_Wave-breaking-f,
author = {Adrian Constantin and Joachim Escher}, 
journal = {Acta Math.},
title = {Wave breaking for nonlinear nonlocal shallow water equations},
number = {2},
pages = {229--243},
volume = {181},
year = {1998},
date-added = {2011-10-22 00:23:02 -0400},
date-modified = {2011-10-24 00:56:49 -0400},
URL = {http://www.ams.org.proxy.library.nd.edu/mathscinet-getitem?mr=1668586},
local-url = {file://localhost/Users/davidkarapetyan/Documents/Papers/Constantin_Wave%20breaking%20for%20nonlinear%20nonlocal%20shallow%20water%20equations_Acta%20Math._1998.pdf},
uri = {papers://91AF5780-9F38-4A96-B102-C6AC35F44352/Paper/p2},
read = {Yes},
rating = {0}
}

@article{Bressan_2007_Global-conserva,
author = {Alberto Bressan and Adrian Constantin}, 
journal = {Arch. Ration. Mech. Anal.},
title = {Global conservative solutions of the Camassa-Holm equation},
number = {2},
pages = {215--239},
volume = {183},
year = {2007},
date-added = {2011-10-22 00:23:03 -0400},
date-modified = {2011-10-24 00:56:18 -0400},
URL = {http://www.ams.org.proxy.library.nd.edu/mathscinet-getitem?mr=2278406},
local-url = {file://localhost/Users/davidkarapetyan/Documents/Papers/Bressan_Global%20conservative%20solutions%20of%20the%20Camassa-Holm%20equation_Arch.%20Ration.%20Mech.%20Anal._2007.pdf},
uri = {papers://91AF5780-9F38-4A96-B102-C6AC35F44352/Paper/p127},
read = {Yes},
rating = {0}
}

@article{Himonas:2009fk,
author = {Alex Himonas and Carlos E Kenig}, 
journal = {Differential Integral Equations},
title = {Non-uniform dependence on initial data for the CH equation on the line},
number = {3-4},
pages = {201--224},
volume = {22},
year = {2009},
date-added = {2011-10-22 00:23:02 -0400},
date-modified = {2011-10-24 00:56:22 -0400},
URL = {http://www.ams.org.proxy.library.nd.edu/mathscinet-getitem?mr=2492817},
local-url = {file://localhost/Users/davidkarapetyan/Documents/Papers/Himonas_Non-uniform%20dependence%20on%20initial%20data%20for%20the%20CH%20equation%20on_Differential%20Integral%20Equations_2009.pdf},
uri = {papers://91AF5780-9F38-4A96-B102-C6AC35F44352/Paper/p3},
read = {Yes},
rating = {0}
}

@article{Lenells_2005_Traveling-wave-,
author = {Jonatan Lenells}, 
journal = {J. Differential Equations},
title = {Traveling wave solutions of the Camassa-Holm equation},
number = {2},
pages = {393--430},
volume = {217},
year = {2005},
date-added = {2011-10-22 00:23:02 -0400},
date-modified = {2011-10-24 00:57:01 -0400},
URL = {http://www.ams.org.proxy.library.nd.edu/mathscinet-getitem?mr=2168830},
local-url = {file://localhost/Users/davidkarapetyan/Documents/Papers/Lenells_Traveling%20wave%20solutions%20of%20the%20Camassa-Holm%20equation_J.%20Differential%20Equations_2005.pdf},
uri = {papers://91AF5780-9F38-4A96-B102-C6AC35F44352/Paper/p27},
read = {Yes},
rating = {0}
}

