%% This BibTeX bibliography file was created using BibDesk.
%% http://bibdesk.sourceforge.net/


%% Created for David Karapetyan at 2010-08-05 23:47:51 -0400 


%% Saved with string encoding Unicode (UTF-8) 



@article{Camassa-Holm-1993-An-integrable-shallow-water,
	Author = {Camassa, Roberto and Holm, Darryl D.},
	Coden = {PRLTAO},
	Date-Added = {2010-08-03 19:12:43 -0400},
	Date-Modified = {2010-08-03 19:12:49 -0400},
	Doi = {10.1103/PhysRevLett.71.1661},
	Fjournal = {Physical Review Letters},
	Issn = {0031-9007},
	Journal = {Phys. Rev. Lett.},
	Mrclass = {35Q51 (58F07 76B15 76B25)},
	Mrnumber = {MR1234453 (94f:35121)},
	Number = {11},
	Pages = {1661--1664},
	Title = {An integrable shallow water equation with peaked solitons},
	Url = {http://dx.doi.org/10.1103/PhysRevLett.71.1661},
	Volume = {71},
	Year = {1993},
	Bdsk-Url-1 = {http://www.ams.org.proxy.library.nd.edu/mathscinet-getitem?mr=1234453}}

@incollection{Kato-1975-Quasi-linear-equations-of-evolution,
	Address = {Berlin},
	Author = {Kato, Tosio},
	Booktitle = {Spectral theory and differential equations ({P}roc. {S}ympos., {D}undee, 1974; dedicated to {K}onrad {J}{\"o}rgens)},
	Date-Added = {2010-08-03 19:01:37 -0400},
	Date-Modified = {2010-08-03 19:01:47 -0400},
	Mrclass = {35R20},
	Mrnumber = {MR0407477 (53 \#11252)},
	Mrreviewer = {C. Bardos},
	Pages = {25--70. Lecture Notes in Math., Vol. 448},
	Publisher = {Springer},
	Title = {Quasi-linear equations of evolution, with applications to partial differential equations},
	Year = {1975},
	Bdsk-Url-1 = {http://www.ams.org.proxy.library.nd.edu/mathscinet-getitem?mr=0407477}}

@article{Constantin-Lannes-2009-The-hydrodynamical-relevance-of-the-Camassa-Holm,
	Author = {Constantin, Adrian and Lannes, David},
	Date-Added = {2010-08-03 18:59:46 -0400},
	Date-Modified = {2010-08-03 19:01:47 -0400},
	Doi = {10.1007/s00205-008-0128-2},
	Fjournal = {Archive for Rational Mechanics and Analysis},
	Issn = {0003-9527},
	Journal = {Arch. Ration. Mech. Anal.},
	Mrclass = {35Q53 (35R35 74J30 76A02 76B15)},
	Mrnumber = {MR2481064 (2010f:35334)},
	Mrreviewer = {Bengt O. Enflo},
	Number = {1},
	Pages = {165--186},
	Title = {The hydrodynamical relevance of the {C}amassa-{H}olm and {D}egasperis-{P}rocesi equations},
	Url = {http://dx.doi.org/10.1007/s00205-008-0128-2},
	Volume = {192},
	Year = {2009},
	Bdsk-Url-1 = {http://www.ams.org.proxy.library.nd.edu/mathscinet-getitem?mr=2481064}}

@incollection{Degasperis-Procesi-1999-Asymptotic-integrability,
	Author = {Degasperis, A. and Procesi, M.},
	Booktitle = {Symmetry and perturbation theory ({R}ome, 1998)},
	Date-Added = {2010-08-03 18:58:42 -0400},
	Date-Modified = {2010-08-03 18:58:50 -0400},
	Mrclass = {37K10 (37K40)},
	Mrnumber = {MR1844104 (2002f:37112)},
	Mrreviewer = {Yuri B. Suris},
	Pages = {23--37},
	Publisher = {World Sci. Publ., River Edge, NJ},
	Title = {Asymptotic integrability},
	Year = {1999},
	Bdsk-Url-1 = {http://www.ams.org.proxy.library.nd.edu/mathscinet-getitem?mr=1844104}}
