%% This BibTeX bibliography file was created using BibDesk.
%% http://bibdesk.sourceforge.net/


%% Created for David Karapetyan at 2010-09-07 12:54:07 -0400 


%% Saved with string encoding Unicode (UTF-8) 



@article{Osler:1970aa,
	Author = {Osler, Thomas J.},
	Date-Added = {2010-08-13 01:24:13 -0400},
	Date-Modified = {2010-08-13 01:24:17 -0400},
	Fjournal = {SIAM Journal on Applied Mathematics},
	Issn = {0036-1399},
	Journal = {SIAM J. Appl. Math.},
	Mrclass = {26.43 (30.00)},
	Mrnumber = {0260942 (41 \#5562)},
	Mrreviewer = {C. Tanaka},
	Pages = {658--674},
	Title = {Leibniz rule for fractional derivatives generalized and an application to infinite series},
	Volume = {18},
	Year = {1970},
	Bdsk-File-1 = {YnBsaXN0MDDUAQIDBAUIJidUJHRvcFgkb2JqZWN0c1gkdmVyc2lvblkkYXJjaGl2ZXLRBgdUcm9vdIABqAkKFRYXGyIjVSRudWxs0wsMDQ4RFFpOUy5vYmplY3RzV05TLmtleXNWJGNsYXNzog8QgASABqISE4ACgAOAB1lhbGlhc0RhdGFccmVsYXRpdmVQYXRo0hgNGRpXTlMuZGF0YU8RAsIAAAAAAsIAAgAADE1hY2ludG9zaCBIRAAAAAAAAAAAAAAAAAAAAMfOW6BIKwAAABBS7h9Pc2xlci1MZWlibml6IHJ1bGUgIzE3QTdDMEEucGRmAAAAAAAAAAAAAAAAAAAAAAAAAAAAAAAAAAAAAAAAAAABenwKyHz7FAAAAAAAAAAAAAEAAgAACSAAAAAAAAAAAAAAAAAAAAAGUGFwZXJzABAACAAAx86T4AAAABEACAAAyH0zVAAAAAEAFAAQUu4AEFLsAA/YDgAP0EUAD9AXAAIAWE1hY2ludG9zaCBIRDpVc2VyczpkYXZpZGthcmFwZXR5YW46RG9jdW1lbnRzOk1hdGg6UGFwZXJzOk9zbGVyLUxlaWJuaXogcnVsZSAjMTdBN0MwQS5wZGYADgDOAGYATwBzAGwAZQByAC0ATABlAGkAYgBuAGkAegAgAHIAdQBsAGUAIABmAG8AcgAgAGYAcgBhAGMAdABpAG8AbgBhAGwAIABkAGUAcgBpAHYAYQB0AGkAdgBlAHMAIABnAGUAbgBlAHIAYQBsAGkAegBlAGQAIABhAG4AZAAgAGEAbgAgAGEAcABwAGwAaQBjAGEAdABpAG8AbgAgAHQAbwAgAGkAbgBmAGkAbgBpAHQAZQAgAHMAZQByAGkAZQBzAC0ANwAwAC4AcABkAGYADwAaAAwATQBhAGMAaQBuAHQAbwBzAGgAIABIAEQAEgCSVXNlcnMvZGF2aWRrYXJhcGV0eWFuL0RvY3VtZW50cy9NYXRoL1BhcGVycy9Pc2xlci1MZWlibml6IHJ1bGUgZm9yIGZyYWN0aW9uYWwgZGVyaXZhdGl2ZXMgZ2VuZXJhbGl6ZWQgYW5kIGFuIGFwcGxpY2F0aW9uIHRvIGluZmluaXRlIHNlcmllcy03MC5wZGYAEwABLwAAFQACABb//wAAgAXSHB0eH1gkY2xhc3Nlc1okY2xhc3NuYW1lox8gIV1OU011dGFibGVEYXRhVk5TRGF0YVhOU09iamVjdF8QcC4uL1BhcGVycy9Pc2xlci1MZWlibml6IHJ1bGUgZm9yIGZyYWN0aW9uYWwgZGVyaXZhdGl2ZXMgZ2VuZXJhbGl6ZWQgYW5kIGFuIGFwcGxpY2F0aW9uIHRvIGluZmluaXRlIHNlcmllcy03MC5wZGbSHB0kJaIlIVxOU0RpY3Rpb25hcnkSAAGGoF8QD05TS2V5ZWRBcmNoaXZlcgAIABEAFgAfACgAMgA1ADoAPABFAEsAUgBdAGUAbABvAHEAcwB2AHgAegB8AIYAkwCYAKADZgNoA20DdgOBA4UDkwOaA6MEFgQbBB4EKwQwAAAAAAAAAgEAAAAAAAAAKAAAAAAAAAAAAAAAAAAABEI=},
	Bdsk-Url-1 = {http://www.ams.org.proxy.library.nd.edu/mathscinet-getitem?mr=0260942}}

@article{Zhang:2009aa,
	Author = {Zhang, Guoping},
	Date-Added = {2010-08-13 01:23:30 -0400},
	Date-Modified = {2010-08-13 01:24:19 -0400},
	Fjournal = {International Journal of Evolution Equations},
	Issn = {1549-2907},
	Journal = {Int. J. Evol. Equ.},
	Mrclass = {35Q55 (35B65 47F05)},
	Mrnumber = {2531155 (2010g:35311)},
	Number = {3},
	Pages = {357--368},
	Title = {Generalized {L}eibnitz rule and its application to nonlinear {S}chr{\"o}dinger equations with superquadratic potentials},
	Volume = {3},
	Year = {2009},
	Bdsk-Url-1 = {http://www.ams.org.proxy.library.nd.edu/mathscinet-getitem?mr=2531155}}

@article{Lemarie-Rieusset:2006aa,
	Author = {Lemari{{\'e}}-Rieusset, P. G. and Gala, S.},
	Coden = {JMANAK},
	Date-Added = {2010-08-13 01:21:28 -0400},
	Date-Modified = {2010-08-13 01:21:40 -0400},
	Doi = {10.1016/j.jmaa.2005.07.043},
	Fjournal = {Journal of Mathematical Analysis and Applications},
	Issn = {0022-247X},
	Journal = {J. Math. Anal. Appl.},
	Mrclass = {42B15 (42B20 42B30 42B35)},
	Mrnumber = {2250634 (2007f:42012)},
	Mrreviewer = {Anbhu Swaminathan},
	Number = {2},
	Pages = {1030--1054},
	Title = {Multipliers between {S}obolev spaces and fractional differentiation},
	Url = {http://dx.doi.org/10.1016/j.jmaa.2005.07.043},
	Volume = {322},
	Year = {2006},
	Bdsk-File-1 = {YnBsaXN0MDDUAQIDBAUIJidUJHRvcFgkb2JqZWN0c1gkdmVyc2lvblkkYXJjaGl2ZXLRBgdUcm9vdIABqAkKFRYXGyIjVSRudWxs0wsMDQ4RFFpOUy5vYmplY3RzV05TLmtleXNWJGNsYXNzog8QgASABqISE4ACgAOAB1lhbGlhc0RhdGFccmVsYXRpdmVQYXRo0hgNGRpXTlMuZGF0YU8RAq4AAAAAAq4AAgAADE1hY2ludG9zaCBIRAAAAAAAAAAAAAAAAAAAAMfOW6BIKwAAABBS7h9MZW1hcmmOLVJpZXVzc2V0LUdhIzE3QTdDMkEucGRmAAAAAAAAAAAAAAAAAAAAAAAAAAAAAAAAAAAAAAAAAAABenwqyHz7ggAAAAAAAAAAAAEAAgAACSAAAAAAAAAAAAAAAAAAAAAGUGFwZXJzABAACAAAx86T4AAAABEACAAAyH0zwgAAAAEAFAAQUu4AEFLsAA/YDgAP0EUAD9AXAAIAWE1hY2ludG9zaCBIRDpVc2VyczpkYXZpZGthcmFwZXR5YW46RG9jdW1lbnRzOk1hdGg6UGFwZXJzOkxlbWFyaY4tUmlldXNzZXQtR2EjMTdBN0MyQS5wZGYADgDAAF8ATABlAG0AYQByAGkAZQMBAC0AUgBpAGUAdQBzAHMAZQB0AC0ARwBhAGwAYQAtAE0AdQBsAHQAaQBwAGwAaQBlAHIAcwAgAGIAZQB0AHcAZQBlAG4AIABTAG8AYgBvAGwAZQB2ACAAcwBwAGEAYwBlAHMAIABhAG4AZAAgAGYAcgBhAGMAdABpAG8AbgBhAGwAIABkAGkAZgBmAGUAcgBlAG4AdABpAGEAdABpAG8AbgAtADAANgAuAHAAZABmAA8AGgAMAE0AYQBjAGkAbgB0AG8AcwBoACAASABEABIAjFVzZXJzL2Rhdmlka2FyYXBldHlhbi9Eb2N1bWVudHMvTWF0aC9QYXBlcnMvTGVtYXJpZcyBLVJpZXVzc2V0LUdhbGEtTXVsdGlwbGllcnMgYmV0d2VlbiBTb2JvbGV2IHNwYWNlcyBhbmQgZnJhY3Rpb25hbCBkaWZmZXJlbnRpYXRpb24tMDYucGRmABMAAS8AABUAAgAW//8AAIAF0hwdHh9YJGNsYXNzZXNaJGNsYXNzbmFtZaMfICFdTlNNdXRhYmxlRGF0YVZOU0RhdGFYTlNPYmplY3RvEGkALgAuAC8AUABhAHAAZQByAHMALwBMAGUAbQBhAHIAaQBlAwEALQBSAGkAZQB1AHMAcwBlAHQALQBHAGEAbABhAC0ATQB1AGwAdABpAHAAbABpAGUAcgBzACAAYgBlAHQAdwBlAGUAbgAgAFMAbwBiAG8AbABlAHYAIABzAHAAYQBjAGUAcwAgAGEAbgBkACAAZgByAGEAYwB0AGkAbwBuAGEAbAAgAGQAaQBmAGYAZQByAGUAbgB0AGkAYQB0AGkAbwBuAC0AMAA2AC4AcABkAGbSHB0kJaIlIVxOU0RpY3Rpb25hcnkSAAGGoF8QD05TS2V5ZWRBcmNoaXZlcgAIABEAFgAfACgAMgA1ADoAPABFAEsAUgBdAGUAbABvAHEAcwB2AHgAegB8AIYAkwCYAKADUgNUA1kDYgNtA3EDfwOGA48EZARpBGwEeQR+AAAAAAAAAgEAAAAAAAAAKAAAAAAAAAAAAAAAAAAABJA=},
	Bdsk-Url-1 = {http://www.ams.org.proxy.library.nd.edu/mathscinet-getitem?mr=2250634}}

@article{Kenig:1996aa,
	Author = {Kenig, Carlos E. and Ponce, Gustavo and Vega, Luis},
	Date-Added = {2010-08-13 01:19:11 -0400},
	Date-Modified = {2010-08-13 01:19:15 -0400},
	Doi = {10.1090/S0894-0347-96-00200-7},
	Fjournal = {Journal of the American Mathematical Society},
	Issn = {0894-0347},
	Journal = {J. Amer. Math. Soc.},
	Mrclass = {35Q53 (35Bxx)},
	Mrnumber = {1329387 (96k:35159)},
	Mrreviewer = {F. Pempinelli},
	Number = {2},
	Pages = {573--603},
	Title = {A bilinear estimate with applications to the {K}d{V} equation},
	Url = {http://dx.doi.org/10.1090/S0894-0347-96-00200-7},
	Volume = {9},
	Year = {1996},
	Bdsk-File-1 = {YnBsaXN0MDDUAQIDBAUIJidUJHRvcFgkb2JqZWN0c1gkdmVyc2lvblkkYXJjaGl2ZXLRBgdUcm9vdIABqAkKFRYXGyIjVSRudWxs0wsMDQ4RFFpOUy5vYmplY3RzV05TLmtleXNWJGNsYXNzog8QgASABqISE4ACgAOAB1lhbGlhc0RhdGFccmVsYXRpdmVQYXRo0hgNGRpXTlMuZGF0YU8RAoQAAAAAAoQAAgAADE1hY2ludG9zaCBIRAAAAAAAAAAAAAAAAAAAAMfOW6BIKwAAABBS7h9LZW5pZy1Qb25jZS1WZWdhLUEgIzFCNTZFNTEucGRmAAAAAAAAAAAAAAAAAAAAAAAAAAAAAAAAAAAAAAAAAAABtW5RyIpIZAAAAAAAAAAAAAEAAgAACSAAAAAAAAAAAAAAAAAAAAAGUGFwZXJzABAACAAAx86T4AAAABEACAAAyIqApAAAAAEAFAAQUu4AEFLsAA/YDgAP0EUAD9AXAAIAWE1hY2ludG9zaCBIRDpVc2VyczpkYXZpZGthcmFwZXR5YW46RG9jdW1lbnRzOk1hdGg6UGFwZXJzOktlbmlnLVBvbmNlLVZlZ2EtQSAjMUI1NkU1MS5wZGYADgCkAFEASwBlAG4AaQBnAC0AUABvAG4AYwBlAC0AVgBlAGcAYQAtAEEAIABiAGkAbABpAG4AZQBhAHIAIABlAHMAdABpAG0AYQB0AGUAIAB3AGkAdABoACAAYQBwAHAAbABpAGMAYQB0AGkAbwBuAHMAIAB0AG8AIAB0AGgAZQAgAEsAZABWACAAZQBxAHUAYQB0AGkAbwBuAC0AOQA2AC4AcABkAGYADwAaAAwATQBhAGMAaQBuAHQAbwBzAGgAIABIAEQAEgB9VXNlcnMvZGF2aWRrYXJhcGV0eWFuL0RvY3VtZW50cy9NYXRoL1BhcGVycy9LZW5pZy1Qb25jZS1WZWdhLUEgYmlsaW5lYXIgZXN0aW1hdGUgd2l0aCBhcHBsaWNhdGlvbnMgdG8gdGhlIEtkViBlcXVhdGlvbi05Ni5wZGYAABMAAS8AABUAAgAW//8AAIAF0hwdHh9YJGNsYXNzZXNaJGNsYXNzbmFtZaMfICFdTlNNdXRhYmxlRGF0YVZOU0RhdGFYTlNPYmplY3RfEFsuLi9QYXBlcnMvS2VuaWctUG9uY2UtVmVnYS1BIGJpbGluZWFyIGVzdGltYXRlIHdpdGggYXBwbGljYXRpb25zIHRvIHRoZSBLZFYgZXF1YXRpb24tOTYucGRm0hwdJCWiJSFcTlNEaWN0aW9uYXJ5EgABhqBfEA9OU0tleWVkQXJjaGl2ZXIACAARABYAHwAoADIANQA6ADwARQBLAFIAXQBlAGwAbwBxAHMAdgB4AHoAfACGAJMAmACgAygDKgMvAzgDQwNHA1UDXANlA8MDyAPLA9gD3QAAAAAAAAIBAAAAAAAAACgAAAAAAAAAAAAAAAAAAAPv},
	Bdsk-Url-1 = {http://www.ams.org.proxy.library.nd.edu/mathscinet-getitem?mr=1329387}}

@article{Bourgain:1993aa,
	Author = {Bourgain, J.},
	Coden = {GFANFB},
	Date-Added = {2010-08-13 01:16:04 -0400},
	Date-Modified = {2010-08-13 01:16:12 -0400},
	Doi = {10.1007/BF01896021},
	Fjournal = {Geometric and Functional Analysis},
	Issn = {1016-443X},
	Journal = {Geom. Funct. Anal.},
	Mrclass = {35Q55 (11L07 35B10)},
	Mrnumber = {1209300 (95d:35159)},
	Mrreviewer = {Yun Mei Chen},
	Number = {2},
	Pages = {157--178},
	Title = {Exponential sums and nonlinear {S}chr{\"o}dinger equations},
	Url = {http://dx.doi.org/10.1007/BF01896021},
	Volume = {3},
	Year = {1993},
	Bdsk-File-1 = {YnBsaXN0MDDUAQIDBAUIJidUJHRvcFgkb2JqZWN0c1gkdmVyc2lvblkkYXJjaGl2ZXLRBgdUcm9vdIABqAkKFRYXGyIjVSRudWxs0wsMDQ4RFFpOUy5vYmplY3RzV05TLmtleXNWJGNsYXNzog8QgASABqISE4ACgAOAB1lhbGlhc0RhdGFccmVsYXRpdmVQYXRo0hgNGRpXTlMuZGF0YU8RAmAAAAAAAmAAAgAADE1hY2ludG9zaCBIRAAAAAAAAAAAAAAAAAAAAMfOW6BIKwAAABBS7h9Cb3VyZ2Fpbi1FeHBvbmVudGlhIzFCNTQwRTQucGRmAAAAAAAAAAAAAAAAAAAAAAAAAAAAAAAAAAAAAAAAAAABtUDkyIoVTAAAAAAAAAAAAAEAAgAACSAAAAAAAAAAAAAAAAAAAAAGUGFwZXJzABAACAAAx86T4AAAABEACAAAyIpNjAAAAAEAFAAQUu4AEFLsAA/YDgAP0EUAD9AXAAIAWE1hY2ludG9zaCBIRDpVc2VyczpkYXZpZGthcmFwZXR5YW46RG9jdW1lbnRzOk1hdGg6UGFwZXJzOkJvdXJnYWluLUV4cG9uZW50aWEjMUI1NDBFNC5wZGYADgCMAEUAQgBvAHUAcgBnAGEAaQBuAC0ARQB4AHAAbwBuAGUAbgB0AGkAYQBsACAAcwB1AG0AcwAgAGEAbgBkACAAbgBvAG4AbABpAG4AZQBhAHIAIABTAGMAaAByAG8DCABkAGkAbgBnAGUAcgAgAGUAcQB1AGEAdABpAG8AbgBzAC0AOQAzAC4AcABkAGYADwAaAAwATQBhAGMAaQBuAHQAbwBzAGgAIABIAEQAEgByVXNlcnMvZGF2aWRrYXJhcGV0eWFuL0RvY3VtZW50cy9NYXRoL1BhcGVycy9Cb3VyZ2Fpbi1FeHBvbmVudGlhbCBzdW1zIGFuZCBub25saW5lYXIgU2Nocm/MiGRpbmdlciBlcXVhdGlvbnMtOTMucGRmABMAAS8AABUAAgAW//8AAIAF0hwdHh9YJGNsYXNzZXNaJGNsYXNzbmFtZaMfICFdTlNNdXRhYmxlRGF0YVZOU0RhdGFYTlNPYmplY3RvEE8ALgAuAC8AUABhAHAAZQByAHMALwBCAG8AdQByAGcAYQBpAG4ALQBFAHgAcABvAG4AZQBuAHQAaQBhAGwAIABzAHUAbQBzACAAYQBuAGQAIABuAG8AbgBsAGkAbgBlAGEAcgAgAFMAYwBoAHIAbwMIAGQAaQBuAGcAZQByACAAZQBxAHUAYQB0AGkAbwBuAHMALQA5ADMALgBwAGQAZtIcHSQloiUhXE5TRGljdGlvbmFyeRIAAYagXxAPTlNLZXllZEFyY2hpdmVyAAgAEQAWAB8AKAAyADUAOgA8AEUASwBSAF0AZQBsAG8AcQBzAHYAeAB6AHwAhgCTAJgAoAMEAwYDCwMUAx8DIwMxAzgDQQPiA+cD6gP3A/wAAAAAAAACAQAAAAAAAAAoAAAAAAAAAAAAAAAAAAAEDg==},
	Bdsk-Url-1 = {http://www.ams.org.proxy.library.nd.edu/mathscinet-getitem?mr=1209300}}

@article{Himonas:2002aa,
	Author = {Himonas, A. Alexandrou and Misio{\l}ek, Gerard},
	Coden = {PAMYAR},
	Date-Added = {2010-08-13 01:14:56 -0400},
	Date-Modified = {2010-08-13 01:15:01 -0400},
	Doi = {10.1090/S0002-9939-02-06439-0},
	Fjournal = {Proceedings of the American Mathematical Society},
	Issn = {0002-9939},
	Journal = {Proc. Amer. Math. Soc.},
	Mrclass = {42B15 (35B45 35G25 35J10 35Q55)},
	Mrnumber = {1908929 (2003i:42018)},
	Mrreviewer = {Mar{\'{\i}}a Cristina Pereyra},
	Number = {10},
	Pages = {3043--3050 (electronic)},
	Title = {A priori estimates for higher order multipliers on a circle},
	Url = {http://dx.doi.org/10.1090/S0002-9939-02-06439-0},
	Volume = {130},
	Year = {2002},
	Bdsk-File-1 = {YnBsaXN0MDDUAQIDBAUIJidUJHRvcFgkb2JqZWN0c1gkdmVyc2lvblkkYXJjaGl2ZXLRBgdUcm9vdIABqAkKFRYXGyIjVSRudWxs0wsMDQ4RFFpOUy5vYmplY3RzV05TLmtleXNWJGNsYXNzog8QgASABqISE4ACgAOAB1lhbGlhc0RhdGFccmVsYXRpdmVQYXRo0hgNGRpXTlMuZGF0YU8RAoQAAAAAAoQAAgAADE1hY2ludG9zaCBIRAAAAAAAAAAAAAAAAAAAAMfOW6BIKwAAABBS7hlIaW1vbmFzLU1pc2lvIzFCNTQyNEMucGRmAAAAAAAAAAAAAAAAAAAAAAAAAAAAAAAAAAAAAAAAAAAAAAAAAAABtUJMyIoWlwAAAAAAAAAAAAEAAgAACSAAAAAAAAAAAAAAAAAAAAAGUGFwZXJzABAACAAAx86T4AAAABEACAAAyIpO1wAAAAEAFAAQUu4AEFLsAA/YDgAP0EUAD9AXAAIAUk1hY2ludG9zaCBIRDpVc2VyczpkYXZpZGthcmFwZXR5YW46RG9jdW1lbnRzOk1hdGg6UGFwZXJzOkhpbW9uYXMtTWlzaW8jMUI1NDI0Qy5wZGYADgCoAFMASABpAG0AbwBuAGEAcwAtAE0AaQBzAGkAbwFCAGUAawAtAEEAIABwAHIAaQBvAHIAaQAgAGUAcwB0AGkAbQBhAHQAZQBzACAAZgBvAHIAIABoAGkAZwBoAGUAcgAgAG8AcgBkAGUAcgAgAG0AdQBsAHQAaQBwAGwAaQBlAHIAcwAgAG8AbgAgAGEAIABjAGkAcgBjAGwAZQAtADAAMgAuAHAAZABmAA8AGgAMAE0AYQBjAGkAbgB0AG8AcwBoACAASABEABIAgFVzZXJzL2Rhdmlka2FyYXBldHlhbi9Eb2N1bWVudHMvTWF0aC9QYXBlcnMvSGltb25hcy1NaXNpb8WCZWstQSBwcmlvcmkgZXN0aW1hdGVzIGZvciBoaWdoZXIgb3JkZXIgbXVsdGlwbGllcnMgb24gYSBjaXJjbGUtMDIucGRmABMAAS8AABUAAgAW//8AAIAF0hwdHh9YJGNsYXNzZXNaJGNsYXNzbmFtZaMfICFdTlNNdXRhYmxlRGF0YVZOU0RhdGFYTlNPYmplY3RvEF0ALgAuAC8AUABhAHAAZQByAHMALwBIAGkAbQBvAG4AYQBzAC0ATQBpAHMAaQBvAUIAZQBrAC0AQQAgAHAAcgBpAG8AcgBpACAAZQBzAHQAaQBtAGEAdABlAHMAIABmAG8AcgAgAGgAaQBnAGgAZQByACAAbwByAGQAZQByACAAbQB1AGwAdABpAHAAbABpAGUAcgBzACAAbwBuACAAYQAgAGMAaQByAGMAbABlAC0AMAAyAC4AcABkAGbSHB0kJaIlIVxOU0RpY3Rpb25hcnkSAAGGoF8QD05TS2V5ZWRBcmNoaXZlcgAIABEAFgAfACgAMgA1ADoAPABFAEsAUgBdAGUAbABvAHEAcwB2AHgAegB8AIYAkwCYAKADKAMqAy8DOANDA0cDVQNcA2UEIgQnBCoENwQ8AAAAAAAAAgEAAAAAAAAAKAAAAAAAAAAAAAAAAAAABE4=},
	Bdsk-Url-1 = {http://www.ams.org.proxy.library.nd.edu/mathscinet-getitem?mr=1908929}}

@article{Christ:aa,
	Author = {Michael Christ and James Colliander and Terence Tao},
	Date-Added = {2010-08-13 01:13:47 -0400},
	Date-Modified = {2010-08-13 01:14:23 -0400},
	Eprint = {math/0311048},
	Title = {Ill-posedness for nonlinear Schrodinger and wave equations},
	Url = {http://arxiv.org/abs/math/0311048},
	Year = {2003},
	Bdsk-File-1 = {YnBsaXN0MDDUAQIDBAUIJidUJHRvcFgkb2JqZWN0c1gkdmVyc2lvblkkYXJjaGl2ZXLRBgdUcm9vdIABqAkKFRYXGyIjVSRudWxs0wsMDQ4RFFpOUy5vYmplY3RzV05TLmtleXNWJGNsYXNzog8QgASABqISE4ACgAOAB1lhbGlhc0RhdGFccmVsYXRpdmVQYXRo0hgNGRpXTlMuZGF0YU8RApYAAAAAApYAAgAADE1hY2ludG9zaCBIRAAAAAAAAAAAAAAAAAAAAMfOW6BIKwAAABBS7h9DaHJpc3QtQ29sbGlhbmRlci1UIzFCNTNFQzYucGRmAAAAAAAAAAAAAAAAAAAAAAAAAAAAAAAAAAAAAAAAAAABtT7GyIoSPwAAAAAAAAAAAAEAAgAACSAAAAAAAAAAAAAAAAAAAAAGUGFwZXJzABAACAAAx86T4AAAABEACAAAyIpKfwAAAAEAFAAQUu4AEFLsAA/YDgAP0EUAD9AXAAIAWE1hY2ludG9zaCBIRDpVc2VyczpkYXZpZGthcmFwZXR5YW46RG9jdW1lbnRzOk1hdGg6UGFwZXJzOkNocmlzdC1Db2xsaWFuZGVyLVQjMUI1M0VDNi5wZGYADgCwAFcAQwBoAHIAaQBzAHQALQBDAG8AbABsAGkAYQBuAGQAZQByAC0AVABhAG8ALQBJAGwAbAAtAHAAbwBzAGUAZABuAGUAcwBzACAAZgBvAHIAIABuAG8AbgBsAGkAbgBlAGEAcgAgAFMAYwBoAHIAbwBkAGkAbgBnAGUAcgAgAGEAbgBkACAAdwBhAHYAZQAgAGUAcQB1AGEAdABpAG8AbgBzAC0AMAAzAC4AcABkAGYADwAaAAwATQBhAGMAaQBuAHQAbwBzAGgAIABIAEQAEgCDVXNlcnMvZGF2aWRrYXJhcGV0eWFuL0RvY3VtZW50cy9NYXRoL1BhcGVycy9DaHJpc3QtQ29sbGlhbmRlci1UYW8tSWxsLXBvc2VkbmVzcyBmb3Igbm9ubGluZWFyIFNjaHJvZGluZ2VyIGFuZCB3YXZlIGVxdWF0aW9ucy0wMy5wZGYAABMAAS8AABUAAgAW//8AAIAF0hwdHh9YJGNsYXNzZXNaJGNsYXNzbmFtZaMfICFdTlNNdXRhYmxlRGF0YVZOU0RhdGFYTlNPYmplY3RfEGEuLi9QYXBlcnMvQ2hyaXN0LUNvbGxpYW5kZXItVGFvLUlsbC1wb3NlZG5lc3MgZm9yIG5vbmxpbmVhciBTY2hyb2RpbmdlciBhbmQgd2F2ZSBlcXVhdGlvbnMtMDMucGRm0hwdJCWiJSFcTlNEaWN0aW9uYXJ5EgABhqBfEA9OU0tleWVkQXJjaGl2ZXIACAARABYAHwAoADIANQA6ADwARQBLAFIAXQBlAGwAbwBxAHMAdgB4AHoAfACGAJMAmACgAzoDPANBA0oDVQNZA2cDbgN3A9sD4APjA/AD9QAAAAAAAAIBAAAAAAAAACgAAAAAAAAAAAAAAAAAAAQH},
	Bdsk-Url-1 = {http://arxiv.org/abs/math/0311048}}

@article{Molinet:2001aa,
	Author = {Molinet, L. and Saut, J. C. and Tzvetkov, N.},
	Date-Added = {2010-08-13 01:11:15 -0400},
	Date-Modified = {2010-08-13 01:11:22 -0400},
	Doi = {10.1137/S0036141001385307},
	Fjournal = {SIAM Journal on Mathematical Analysis},
	Issn = {0036-1410},
	Journal = {SIAM J. Math. Anal.},
	Mrclass = {35Q53 (35B30)},
	Mrnumber = {1885293 (2002k:35281)},
	Number = {4},
	Pages = {982--988 (electronic)},
	Title = {Ill-posedness issues for the {B}enjamin-{O}no and related equations},
	Url = {http://dx.doi.org/10.1137/S0036141001385307},
	Volume = {33},
	Year = {2001},
	Bdsk-File-1 = {YnBsaXN0MDDUAQIDBAUIJidUJHRvcFgkb2JqZWN0c1gkdmVyc2lvblkkYXJjaGl2ZXLRBgdUcm9vdIABqAkKFRYXGyIjVSRudWxs0wsMDQ4RFFpOUy5vYmplY3RzV05TLmtleXNWJGNsYXNzog8QgASABqISE4ACgAOAB1lhbGlhc0RhdGFccmVsYXRpdmVQYXRo0hgNGRpXTlMuZGF0YU8RAqQAAAAAAqQAAgAADE1hY2ludG9zaCBIRAAAAAAAAAAAAAAAAAAAAMfOW6BIKwAAABBS7h9Nb2xpbmV0LVNhdXQtVHp2ZXRrIzFCNTZGMTQucGRmAAAAAAAAAAAAAAAAAAAAAAAAAAAAAAAAAAAAAAAAAAABtW8UyIpKMQAAAAAAAAAAAAEAAgAACSAAAAAAAAAAAAAAAAAAAAAGUGFwZXJzABAACAAAx86T4AAAABEACAAAyIqCcQAAAAEAFAAQUu4AEFLsAA/YDgAP0EUAD9AXAAIAWE1hY2ludG9zaCBIRDpVc2VyczpkYXZpZGthcmFwZXR5YW46RG9jdW1lbnRzOk1hdGg6UGFwZXJzOk1vbGluZXQtU2F1dC1UenZldGsjMUI1NkYxNC5wZGYADgC6AFwATQBvAGwAaQBuAGUAdAAtAFMAYQB1AHQALQBUAHoAdgBlAHQAawBvAHYALQBJAGwAbAAtAHAAbwBzAGUAZABuAGUAcwBzACAAaQBzAHMAdQBlAHMAIABmAG8AcgAgAHQAaABlACAAQgBlAG4AagBhAG0AaQBuAC0ATwBuAG8AIABhAG4AZAAgAHIAZQBsAGEAdABlAGQAIABlAHEAdQBhAHQAaQBvAG4AcwAtADAAMQAuAHAAZABmAA8AGgAMAE0AYQBjAGkAbgB0AG8AcwBoACAASABEABIAiFVzZXJzL2Rhdmlka2FyYXBldHlhbi9Eb2N1bWVudHMvTWF0aC9QYXBlcnMvTW9saW5ldC1TYXV0LVR6dmV0a292LUlsbC1wb3NlZG5lc3MgaXNzdWVzIGZvciB0aGUgQmVuamFtaW4tT25vIGFuZCByZWxhdGVkIGVxdWF0aW9ucy0wMS5wZGYAEwABLwAAFQACABb//wAAgAXSHB0eH1gkY2xhc3Nlc1okY2xhc3NuYW1lox8gIV1OU011dGFibGVEYXRhVk5TRGF0YVhOU09iamVjdF8QZi4uL1BhcGVycy9Nb2xpbmV0LVNhdXQtVHp2ZXRrb3YtSWxsLXBvc2VkbmVzcyBpc3N1ZXMgZm9yIHRoZSBCZW5qYW1pbi1Pbm8gYW5kIHJlbGF0ZWQgZXF1YXRpb25zLTAxLnBkZtIcHSQloiUhXE5TRGljdGlvbmFyeRIAAYagXxAPTlNLZXllZEFyY2hpdmVyAAgAEQAWAB8AKAAyADUAOgA8AEUASwBSAF0AZQBsAG8AcQBzAHYAeAB6AHwAhgCTAJgAoANIA0oDTwNYA2MDZwN1A3wDhQPuA/MD9gQDBAgAAAAAAAACAQAAAAAAAAAoAAAAAAAAAAAAAAAAAAAEGg==},
	Bdsk-Url-1 = {http://www.ams.org.proxy.library.nd.edu/mathscinet-getitem?mr=1885293}}

@article{Gorsky:2009aa,
	Author = {Gorsky, Jennifer and Himonas, A. Alexandrou},
	Coden = {MCSIDR},
	Date-Added = {2010-08-13 01:09:50 -0400},
	Date-Modified = {2010-08-13 01:10:41 -0400},
	Doi = {10.1016/j.matcom.2009.06.007},
	Fjournal = {Mathematics and Computers in Simulation},
	Issn = {0378-4754},
	Journal = {Math. Comput. Simulation},
	Mrclass = {35Q53 (35B30)},
	Mrnumber = {2573277},
	Number = {1},
	Pages = {173--183},
	Title = {Well-posedness of {K}d{V} with higher dispersion},
	Url = {http://dx.doi.org/10.1016/j.matcom.2009.06.007},
	Volume = {80},
	Year = {2009},
	Bdsk-File-1 = {YnBsaXN0MDDUAQIDBAUIJidUJHRvcFgkb2JqZWN0c1gkdmVyc2lvblkkYXJjaGl2ZXLRBgdUcm9vdIABqAkKFRYXGyIjVSRudWxs0wsMDQ4RFFpOUy5vYmplY3RzV05TLmtleXNWJGNsYXNzog8QgASABqISE4ACgAOAB1lhbGlhc0RhdGFccmVsYXRpdmVQYXRo0hgNGRpXTlMuZGF0YU8RAlYAAAAAAlYAAgAADE1hY2ludG9zaCBIRAAAAAAAAAAAAAAAAAAAAMfOW6BIKwAAABBS7h9Hb3Jza3ktSGltb25hcy1XZWxsIzFCNTZFRDYucGRmAAAAAAAAAAAAAAAAAAAAAAAAAAAAAAAAAAAAAAAAAAABtW7WyIpJyAAAAAAAAAAAAAEAAgAACSAAAAAAAAAAAAAAAAAAAAAGUGFwZXJzABAACAAAx86T4AAAABEACAAAyIqCCAAAAAEAFAAQUu4AEFLsAA/YDgAP0EUAD9AXAAIAWE1hY2ludG9zaCBIRDpVc2VyczpkYXZpZGthcmFwZXR5YW46RG9jdW1lbnRzOk1hdGg6UGFwZXJzOkdvcnNreS1IaW1vbmFzLVdlbGwjMUI1NkVENi5wZGYADgCGAEIARwBvAHIAcwBrAHkALQBIAGkAbQBvAG4AYQBzAC0AVwBlAGwAbAAtAHAAbwBzAGUAZABuAGUAcwBzACAAbwBmACAASwBkAFYAIAB3AGkAdABoACAAaABpAGcAaABlAHIAIABkAGkAcwBwAGUAcgBzAGkAbwBuAC0AMAA5AC4AcABkAGYADwAaAAwATQBhAGMAaQBuAHQAbwBzAGgAIABIAEQAEgBuVXNlcnMvZGF2aWRrYXJhcGV0eWFuL0RvY3VtZW50cy9NYXRoL1BhcGVycy9Hb3Jza3ktSGltb25hcy1XZWxsLXBvc2VkbmVzcyBvZiBLZFYgd2l0aCBoaWdoZXIgZGlzcGVyc2lvbi0wOS5wZGYAEwABLwAAFQACABb//wAAgAXSHB0eH1gkY2xhc3Nlc1okY2xhc3NuYW1lox8gIV1OU011dGFibGVEYXRhVk5TRGF0YVhOU09iamVjdF8QTC4uL1BhcGVycy9Hb3Jza3ktSGltb25hcy1XZWxsLXBvc2VkbmVzcyBvZiBLZFYgd2l0aCBoaWdoZXIgZGlzcGVyc2lvbi0wOS5wZGbSHB0kJaIlIVxOU0RpY3Rpb25hcnkSAAGGoF8QD05TS2V5ZWRBcmNoaXZlcgAIABEAFgAfACgAMgA1ADoAPABFAEsAUgBdAGUAbABvAHEAcwB2AHgAegB8AIYAkwCYAKAC+gL8AwEDCgMVAxkDJwMuAzcDhgOLA44DmwOgAAAAAAAAAgEAAAAAAAAAKAAAAAAAAAAAAAAAAAAAA7I=},
	Bdsk-Url-1 = {http://www.ams.org.proxy.library.nd.edu/mathscinet-getitem?mr=2573277}}

@article{Molinet-2009-On-ill-posedness-for-the-one-dimensional-periodic,
	Author = {Molinet, Luc},
	Date-Added = {2010-08-12 15:17:53 -0400},
	Date-Modified = {2010-08-12 15:23:42 -0400},
	Fjournal = {Mathematical Research Letters},
	Issn = {1073-2780},
	Journal = {Math. Res. Lett.},
	Mrclass = {35Q55 (35B10 35R25)},
	Mrnumber = {2480565 (2010b:35440)},
	Number = {1},
	Pages = {111--120},
	Title = {On ill-posedness for the one-dimensional periodic cubic {S}chrodinger equation},
	Volume = {16},
	Year = {2009},
	Bdsk-File-1 = {YnBsaXN0MDDUAQIDBAUIJidUJHRvcFgkb2JqZWN0c1gkdmVyc2lvblkkYXJjaGl2ZXLRBgdUcm9vdIABqAkKFRYXGyIjVSRudWxs0wsMDQ4RFFpOUy5vYmplY3RzV05TLmtleXNWJGNsYXNzog8QgASABqISE4ACgAOAB1lhbGlhc0RhdGFccmVsYXRpdmVQYXRo0hgNGRpXTlMuZGF0YU8RAqIAAAAAAqIAAgAADE1hY2ludG9zaCBIRAAAAAAAAAAAAAAAAAAAAMfOW6BIKwAAABBS7h9Nb2xpbmV0LU9uIGlsbC1wb3NlIzFCM0IyQUYucGRmAAAAAAAAAAAAAAAAAAAAAAAAAAAAAAAAAAAAAAAAAAABs7KvyInCdAAAAAAAAAAAAAEAAgAACSAAAAAAAAAAAAAAAAAAAAAGUGFwZXJzABAACAAAx86T4AAAABEACAAAyIn6tAAAAAEAFAAQUu4AEFLsAA/YDgAP0EUAD9AXAAIAWE1hY2ludG9zaCBIRDpVc2VyczpkYXZpZGthcmFwZXR5YW46RG9jdW1lbnRzOk1hdGg6UGFwZXJzOk1vbGluZXQtT24gaWxsLXBvc2UjMUIzQjJBRi5wZGYADgC4AFsATQBvAGwAaQBuAGUAdAAtAE8AbgAgAGkAbABsAC0AcABvAHMAZQBkAG4AZQBzAHMAIABmAG8AcgAgAHQAaABlACAAbwBuAGUALQBkAGkAbQBlAG4AcwBpAG8AbgBhAGwAIABwAGUAcgBpAG8AZABpAGMAIABjAHUAYgBpAGMAIABTAGMAaAByAG8AZABpAG4AZwBlAHIAIABlAHEAdQBhAHQAaQBvAG4ALQAwADkALgBwAGQAZgAPABoADABNAGEAYwBpAG4AdABvAHMAaAAgAEgARAASAIdVc2Vycy9kYXZpZGthcmFwZXR5YW4vRG9jdW1lbnRzL01hdGgvUGFwZXJzL01vbGluZXQtT24gaWxsLXBvc2VkbmVzcyBmb3IgdGhlIG9uZS1kaW1lbnNpb25hbCBwZXJpb2RpYyBjdWJpYyBTY2hyb2RpbmdlciBlcXVhdGlvbi0wOS5wZGYAABMAAS8AABUAAgAW//8AAIAF0hwdHh9YJGNsYXNzZXNaJGNsYXNzbmFtZaMfICFdTlNNdXRhYmxlRGF0YVZOU0RhdGFYTlNPYmplY3RfEGUuLi9QYXBlcnMvTW9saW5ldC1PbiBpbGwtcG9zZWRuZXNzIGZvciB0aGUgb25lLWRpbWVuc2lvbmFsIHBlcmlvZGljIGN1YmljIFNjaHJvZGluZ2VyIGVxdWF0aW9uLTA5LnBkZtIcHSQloiUhXE5TRGljdGlvbmFyeRIAAYagXxAPTlNLZXllZEFyY2hpdmVyAAgAEQAWAB8AKAAyADUAOgA8AEUASwBSAF0AZQBsAG8AcQBzAHYAeAB6AHwAhgCTAJgAoANGA0gDTQNWA2EDZQNzA3oDgwPrA/AD8wQABAUAAAAAAAACAQAAAAAAAAAoAAAAAAAAAAAAAAAAAAAEFw==},
	Bdsk-Url-1 = {http://www.ams.org.proxy.library.nd.edu/mathscinet-getitem?mr=2480565}}

@article{Staffilani:2003aa,
	Author = {Staffilani, G. and Bourgain, J.},
	Date-Modified = {2010-09-07 10:23:43 -0400},
	Journal = {Bulletin of the American Mathematical Society},
	Number = {1},
	Pages = {99--108},
	Publisher = {Providence, RI: The Society, 1979-},
	Title = {{BOOK REVIEWS-Global solutions of nonlinear Schrodinger equations}},
	Volume = {40},
	Year = {2003},
	Bdsk-File-1 = {YnBsaXN0MDDUAQIDBAUIJidUJHRvcFgkb2JqZWN0c1gkdmVyc2lvblkkYXJjaGl2ZXLRBgdUcm9vdIABqAkKFRYXGyIjVSRudWxs0wsMDQ4RFFpOUy5vYmplY3RzV05TLmtleXNWJGNsYXNzog8QgASABqISE4ACgAOAB1lhbGlhc0RhdGFccmVsYXRpdmVQYXRo0hgNGRpXTlMuZGF0YU8RAqIAAAAAAqIAAgAADE1hY2ludG9zaCBIRAAAAAAAAAAAAAAAAAAAAMfOW6BIKwAAABBS7h9TdGFmZmlsYW5pLUJvdXJnYWluLUIjRkQ4MEEucGRmAAAAAAAAAAAAAAAAAAAAAAAAAAAAAAAAAAAAAAAAAAAAD9gKx5iYOQAAAAAAAAAAAAEAAgAACSAAAAAAAAAAAAAAAAAAAAAGUGFwZXJzABAACAAAx86T4AAAABEACAAAx5jeiQAAAAEAFAAQUu4AEFLsAA/YDgAP0EUAD9AXAAIAWE1hY2ludG9zaCBIRDpVc2VyczpkYXZpZGthcmFwZXR5YW46RG9jdW1lbnRzOk1hdGg6UGFwZXJzOlN0YWZmaWxhbmktQm91cmdhaW4tQiNGRDgwQS5wZGYADgC4AFsAUwB0AGEAZgBmAGkAbABhAG4AaQAtAEIAbwB1AHIAZwBhAGkAbgAtAEIATwBPAEsAIABSAEUAVgBJAEUAVwBTAC0ARwBsAG8AYgBhAGwAIABzAG8AbAB1AHQAaQBvAG4AcwAgAG8AZgAgAG4AbwBuAGwAaQBuAGUAYQByACAAUwBjAGgAcgBvAGQAaQBuAGcAZQByACAAZQBxAHUAYQB0AGkAbwBuAHMALQAwADMALgBwAGQAZgAPABoADABNAGEAYwBpAG4AdABvAHMAaAAgAEgARAASAIdVc2Vycy9kYXZpZGthcmFwZXR5YW4vRG9jdW1lbnRzL01hdGgvUGFwZXJzL1N0YWZmaWxhbmktQm91cmdhaW4tQk9PSyBSRVZJRVdTLUdsb2JhbCBzb2x1dGlvbnMgb2Ygbm9ubGluZWFyIFNjaHJvZGluZ2VyIGVxdWF0aW9ucy0wMy5wZGYAABMAAS8AABUAAgAW//8AAIAF0hwdHh9YJGNsYXNzZXNaJGNsYXNzbmFtZaMfICFdTlNNdXRhYmxlRGF0YVZOU0RhdGFYTlNPYmplY3RfEGUuLi9QYXBlcnMvU3RhZmZpbGFuaS1Cb3VyZ2Fpbi1CT09LIFJFVklFV1MtR2xvYmFsIHNvbHV0aW9ucyBvZiBub25saW5lYXIgU2Nocm9kaW5nZXIgZXF1YXRpb25zLTAzLnBkZtIcHSQloiUhXE5TRGljdGlvbmFyeRIAAYagXxAPTlNLZXllZEFyY2hpdmVyAAgAEQAWAB8AKAAyADUAOgA8AEUASwBSAF0AZQBsAG8AcQBzAHYAeAB6AHwAhgCTAJgAoANGA0gDTQNWA2EDZQNzA3oDgwPrA/AD8wQABAUAAAAAAAACAQAAAAAAAAAoAAAAAAAAAAAAAAAAAAAEFw==}}

@article{Molinet2009Sharp-ill-posed,
	Author = {Molinet, Luc},
	Coden = {JFUAAW},
	Date-Added = {2010-08-12 15:17:52 -0400},
	Date-Modified = {2010-08-12 15:30:26 -0400},
	Doi = {10.1016/j.jfa.2009.08.018},
	Fjournal = {Journal of Functional Analysis},
	Issn = {0022-1236},
	Journal = {J. Funct. Anal.},
	Mrclass = {35Q53 (35B10 35R25)},
	Mrnumber = {2571435},
	Number = {11},
	Pages = {3488--3516},
	Title = {Sharp ill-posedness result for the periodic {B}enjamin-{O}no equation},
	Url = {http://dx.doi.org/10.1016/j.jfa.2009.08.018},
	Volume = {257},
	Year = {2009},
	Bdsk-File-1 = {YnBsaXN0MDDUAQIDBAUIJidUJHRvcFgkb2JqZWN0c1gkdmVyc2lvblkkYXJjaGl2ZXLRBgdUcm9vdIABqAkKFRYXGyIjVSRudWxs0wsMDQ4RFFpOUy5vYmplY3RzV05TLmtleXNWJGNsYXNzog8QgASABqISE4ACgAOAB1lhbGlhc0RhdGFccmVsYXRpdmVQYXRo0hgNGRpXTlMuZGF0YU8RAoAAAAAAAoAAAgAADE1hY2ludG9zaCBIRAAAAAAAAAAAAAAAAAAAAMfOW6BIKwAAABBS7h9Nb2xpbmV0LVNoYXJwIGlsbC1wIzFCMzc4RjgucGRmAAAAAAAAAAAAAAAAAAAAAAAAAAAAAAAAAAAAAAAAAAABs3j4yIlx0wAAAAAAAAAAAAEAAgAACSAAAAAAAAAAAAAAAAAAAAAGUGFwZXJzABAACAAAx86T4AAAABEACAAAyImqEwAAAAEAFAAQUu4AEFLsAA/YDgAP0EUAD9AXAAIAWE1hY2ludG9zaCBIRDpVc2VyczpkYXZpZGthcmFwZXR5YW46RG9jdW1lbnRzOk1hdGg6UGFwZXJzOk1vbGluZXQtU2hhcnAgaWxsLXAjMUIzNzhGOC5wZGYADgCiAFAATQBvAGwAaQBuAGUAdAAtAFMAaABhAHIAcAAgAGkAbABsAC0AcABvAHMAZQBkAG4AZQBzAHMAIAByAGUAcwB1AGwAdAAgAGYAbwByACAAdABoAGUAIABwAGUAcgBpAG8AZABpAGMAIABCAGUAbgBqAGEAbQBpAG4ALQBPAG4AbwAgAGUAcQB1AGEAdABpAG8AbgAtADAAOQAuAHAAZABmAA8AGgAMAE0AYQBjAGkAbgB0AG8AcwBoACAASABEABIAfFVzZXJzL2Rhdmlka2FyYXBldHlhbi9Eb2N1bWVudHMvTWF0aC9QYXBlcnMvTW9saW5ldC1TaGFycCBpbGwtcG9zZWRuZXNzIHJlc3VsdCBmb3IgdGhlIHBlcmlvZGljIEJlbmphbWluLU9ubyBlcXVhdGlvbi0wOS5wZGYAEwABLwAAFQACABb//wAAgAXSHB0eH1gkY2xhc3Nlc1okY2xhc3NuYW1lox8gIV1OU011dGFibGVEYXRhVk5TRGF0YVhOU09iamVjdF8QWi4uL1BhcGVycy9Nb2xpbmV0LVNoYXJwIGlsbC1wb3NlZG5lc3MgcmVzdWx0IGZvciB0aGUgcGVyaW9kaWMgQmVuamFtaW4tT25vIGVxdWF0aW9uLTA5LnBkZtIcHSQloiUhXE5TRGljdGlvbmFyeRIAAYagXxAPTlNLZXllZEFyY2hpdmVyAAgAEQAWAB8AKAAyADUAOgA8AEUASwBSAF0AZQBsAG8AcQBzAHYAeAB6AHwAhgCTAJgAoAMkAyYDKwM0Az8DQwNRA1gDYQO+A8MDxgPTA9gAAAAAAAACAQAAAAAAAAAoAAAAAAAAAAAAAAAAAAAD6g==},
	Bdsk-Url-1 = {http://www.ams.org.proxy.library.nd.edu/mathscinet-getitem?mr=2571435}}

@article{Bejenaru-Tao-2006-Sharp-well-posedness-and-ill-posedness,
	Author = {Bejenaru, Ioan and Tao, Terence},
	Coden = {JFUAAW},
	Date-Added = {2010-08-12 15:15:32 -0400},
	Date-Modified = {2010-08-12 15:15:37 -0400},
	Doi = {10.1016/j.jfa.2005.08.004},
	Fjournal = {Journal of Functional Analysis},
	Issn = {0022-1236},
	Journal = {J. Funct. Anal.},
	Mrclass = {35Q55 (35B30 35R25)},
	Mrnumber = {2204680 (2007i:35216)},
	Mrreviewer = {Justin A. Holmer},
	Number = {1},
	Pages = {228--259},
	Title = {Sharp well-posedness and ill-posedness results for a quadratic non-linear {S}chr{\"o}dinger equation},
	Url = {http://dx.doi.org/10.1016/j.jfa.2005.08.004},
	Volume = {233},
	Year = {2006},
	Bdsk-File-1 = {YnBsaXN0MDDUAQIDBAUIJidUJHRvcFgkb2JqZWN0c1gkdmVyc2lvblkkYXJjaGl2ZXLRBgdUcm9vdIABqAkKFRYXGyIjVSRudWxs0wsMDQ4RFFpOUy5vYmplY3RzV05TLmtleXNWJGNsYXNzog8QgASABqISE4ACgAOAB1lhbGlhc0RhdGFccmVsYXRpdmVQYXRo0hgNGRpXTlMuZGF0YU8RAuoAAAAAAuoAAgAADE1hY2ludG9zaCBIRAAAAAAAAAAAAAAAAAAAAMfOW6BIKwAAABBS7h9CZWplbmFydS1UYW8tU2hhcnAgIzE3QTdCRjQucGRmAAAAAAAAAAAAAAAAAAAAAAAAAAAAAAAAAAAAAAAAAAABenv0yHz67gAAAAAAAAAAAAEAAgAACSAAAAAAAAAAAAAAAAAAAAAGUGFwZXJzABAACAAAx86T4AAAABEACAAAyH0zLgAAAAEAFAAQUu4AEFLsAA/YDgAP0EUAD9AXAAIAWE1hY2ludG9zaCBIRDpVc2VyczpkYXZpZGthcmFwZXR5YW46RG9jdW1lbnRzOk1hdGg6UGFwZXJzOkJlamVuYXJ1LVRhby1TaGFycCAjMTdBN0JGNC5wZGYADgDoAHMAQgBlAGoAZQBuAGEAcgB1AC0AVABhAG8ALQBTAGgAYQByAHAAIAB3AGUAbABsAC0AcABvAHMAZQBkAG4AZQBzAHMAIABhAG4AZAAgAGkAbABsAC0AcABvAHMAZQBkAG4AZQBzAHMAIAByAGUAcwB1AGwAdABzACAAZgBvAHIAIABhACAAcQB1AGEAZAByAGEAdABpAGMAIABuAG8AbgAtAGwAaQBuAGUAYQByACAAUwBjAGgAcgBvAwgAZABpAG4AZwBlAHIAIABlAHEAdQBhAHQAaQBvAG4ALQAwADYALgBwAGQAZgAPABoADABNAGEAYwBpAG4AdABvAHMAaAAgAEgARAASAKBVc2Vycy9kYXZpZGthcmFwZXR5YW4vRG9jdW1lbnRzL01hdGgvUGFwZXJzL0JlamVuYXJ1LVRhby1TaGFycCB3ZWxsLXBvc2VkbmVzcyBhbmQgaWxsLXBvc2VkbmVzcyByZXN1bHRzIGZvciBhIHF1YWRyYXRpYyBub24tbGluZWFyIFNjaHJvzIhkaW5nZXIgZXF1YXRpb24tMDYucGRmABMAAS8AABUAAgAW//8AAIAF0hwdHh9YJGNsYXNzZXNaJGNsYXNzbmFtZaMfICFdTlNNdXRhYmxlRGF0YVZOU0RhdGFYTlNPYmplY3RvEH0ALgAuAC8AUABhAHAAZQByAHMALwBCAGUAagBlAG4AYQByAHUALQBUAGEAbwAtAFMAaABhAHIAcAAgAHcAZQBsAGwALQBwAG8AcwBlAGQAbgBlAHMAcwAgAGEAbgBkACAAaQBsAGwALQBwAG8AcwBlAGQAbgBlAHMAcwAgAHIAZQBzAHUAbAB0AHMAIABmAG8AcgAgAGEAIABxAHUAYQBkAHIAYQB0AGkAYwAgAG4AbwBuAC0AbABpAG4AZQBhAHIAIABTAGMAaAByAG8DCABkAGkAbgBnAGUAcgAgAGUAcQB1AGEAdABpAG8AbgAtADAANgAuAHAAZABm0hwdJCWiJSFcTlNEaWN0aW9uYXJ5EgABhqBfEA9OU0tleWVkQXJjaGl2ZXIACAARABYAHwAoADIANQA6ADwARQBLAFIAXQBlAGwAbwBxAHMAdgB4AHoAfACGAJMAmACgA44DkAOVA54DqQOtA7sDwgPLBMgEzQTQBN0E4gAAAAAAAAIBAAAAAAAAACgAAAAAAAAAAAAAAAAAAAT0},
	Bdsk-Url-1 = {http://www.ams.org.proxy.library.nd.edu/mathscinet-getitem?mr=2204680}}

@article{Kenig-Ponce-Vega-1996-Quadratic-forms-for-the-1-D-semilinear,
	Author = {Kenig, Carlos E. and Ponce, Gustavo and Vega, Luis},
	Coden = {TAMTAM},
	Date-Added = {2010-08-12 15:14:11 -0400},
	Date-Modified = {2010-08-12 15:14:38 -0400},
	Doi = {10.1090/S0002-9947-96-01645-5},
	Fjournal = {Transactions of the American Mathematical Society},
	Issn = {0002-9947},
	Journal = {Trans. Amer. Math. Soc.},
	Mrclass = {35Q55 (35B45 47F05)},
	Mrnumber = {1357398 (96j:35233)},
	Mrreviewer = {Peter Stollmann},
	Number = {8},
	Pages = {3323--3353},
	Title = {Quadratic forms for the {$1$}-{D} semilinear {S}chr{\"o}dinger equation},
	Url = {http://dx.doi.org/10.1090/S0002-9947-96-01645-5},
	Volume = {348},
	Year = {1996},
	Bdsk-File-1 = {YnBsaXN0MDDUAQIDBAUIJidUJHRvcFgkb2JqZWN0c1gkdmVyc2lvblkkYXJjaGl2ZXLRBgdUcm9vdIABqAkKFRYXGyIjVSRudWxs0wsMDQ4RFFpOUy5vYmplY3RzV05TLmtleXNWJGNsYXNzog8QgASABqISE4ACgAOAB1lhbGlhc0RhdGFccmVsYXRpdmVQYXRo0hgNGRpXTlMuZGF0YU8RApQAAAAAApQAAgAADE1hY2ludG9zaCBIRAAAAAAAAAAAAAAAAAAAAMfOW6BIKwAAABBS7h9LZW5pZy1Qb25jZS1WZWdhLVF1IzE3QTdDNDgucGRmAAAAAAAAAAAAAAAAAAAAAAAAAAAAAAAAAAAAAAAAAAABenxIyHz7tgAAAAAAAAAAAAEAAgAACSAAAAAAAAAAAAAAAAAAAAAGUGFwZXJzABAACAAAx86T4AAAABEACAAAyH0z9gAAAAEAFAAQUu4AEFLsAA/YDgAP0EUAD9AXAAIAWE1hY2ludG9zaCBIRDpVc2VyczpkYXZpZGthcmFwZXR5YW46RG9jdW1lbnRzOk1hdGg6UGFwZXJzOktlbmlnLVBvbmNlLVZlZ2EtUXUjMTdBN0M0OC5wZGYADgCuAFYASwBlAG4AaQBnAC0AUABvAG4AYwBlAC0AVgBlAGcAYQAtAFEAdQBhAGQAcgBhAHQAaQBjACAAZgBvAHIAbQBzACAAZgBvAHIAIAB0AGgAZQAgACQAMQAkAC0ARAAgAHMAZQBtAGkAbABpAG4AZQBhAHIAIABTAGMAaAByAG8DCABkAGkAbgBnAGUAcgAgAGUAcQB1AGEAdABpAG8AbgAtADkANgAuAHAAZABmAA8AGgAMAE0AYQBjAGkAbgB0AG8AcwBoACAASABEABIAg1VzZXJzL2Rhdmlka2FyYXBldHlhbi9Eb2N1bWVudHMvTWF0aC9QYXBlcnMvS2VuaWctUG9uY2UtVmVnYS1RdWFkcmF0aWMgZm9ybXMgZm9yIHRoZSAkMSQtRCBzZW1pbGluZWFyIFNjaHJvzIhkaW5nZXIgZXF1YXRpb24tOTYucGRmAAATAAEvAAAVAAIAFv//AACABdIcHR4fWCRjbGFzc2VzWiRjbGFzc25hbWWjHyAhXU5TTXV0YWJsZURhdGFWTlNEYXRhWE5TT2JqZWN0bxBgAC4ALgAvAFAAYQBwAGUAcgBzAC8ASwBlAG4AaQBnAC0AUABvAG4AYwBlAC0AVgBlAGcAYQAtAFEAdQBhAGQAcgBhAHQAaQBjACAAZgBvAHIAbQBzACAAZgBvAHIAIAB0AGgAZQAgACQAMQAkAC0ARAAgAHMAZQBtAGkAbABpAG4AZQBhAHIAIABTAGMAaAByAG8DCABkAGkAbgBnAGUAcgAgAGUAcQB1AGEAdABpAG8AbgAtADkANgAuAHAAZABm0hwdJCWiJSFcTlNEaWN0aW9uYXJ5EgABhqBfEA9OU0tleWVkQXJjaGl2ZXIACAARABYAHwAoADIANQA6ADwARQBLAFIAXQBlAGwAbwBxAHMAdgB4AHoAfACGAJMAmACgAzgDOgM/A0gDUwNXA2UDbAN1BDgEPQRABE0EUgAAAAAAAAIBAAAAAAAAACgAAAAAAAAAAAAAAAAAAARk},
	Bdsk-Url-1 = {http://www.ams.org.proxy.library.nd.edu/mathscinet-getitem?mr=1357398}}

@article{Christ-Colliander-Tao--Instability-of-the-periodic-nonlinear,
	Author = {Michael Christ and James Colliander and Terence Tao},
	Date-Added = {2010-08-12 14:53:33 -0400},
	Date-Modified = {2010-08-12 14:56:07 -0400},
	Eprint = {math/0311227},
	Title = {Instability of the periodic nonlinear Schrodinger equation},
	Url = {http://arxiv.org/abs/math/0311227},
	Year = {2003},
	Bdsk-File-1 = {YnBsaXN0MDDUAQIDBAUIJidUJHRvcFgkb2JqZWN0c1gkdmVyc2lvblkkYXJjaGl2ZXLRBgdUcm9vdIABqAkKFRYXGyIjVSRudWxs0wsMDQ4RFFpOUy5vYmplY3RzV05TLmtleXNWJGNsYXNzog8QgASABqISE4ACgAOAB1lhbGlhc0RhdGFccmVsYXRpdmVQYXRo0hgNGRpXTlMuZGF0YU8RApYAAAAAApYAAgAADE1hY2ludG9zaCBIRAAAAAAAAAAAAAAAAAAAAMfOW6BIKwAAABBS7h9DaHJpc3QtQ29sbGlhbmRlci1UIzFCM0FBRUIucGRmAAAAAAAAAAAAAAAAAAAAAAAAAAAAAAAAAAAAAAAAAAABs6rryIm7jAAAAAAAAAAAAAEAAgAACSAAAAAAAAAAAAAAAAAAAAAGUGFwZXJzABAACAAAx86T4AAAABEACAAAyInzzAAAAAEAFAAQUu4AEFLsAA/YDgAP0EUAD9AXAAIAWE1hY2ludG9zaCBIRDpVc2VyczpkYXZpZGthcmFwZXR5YW46RG9jdW1lbnRzOk1hdGg6UGFwZXJzOkNocmlzdC1Db2xsaWFuZGVyLVQjMUIzQUFFQi5wZGYADgCwAFcAQwBoAHIAaQBzAHQALQBDAG8AbABsAGkAYQBuAGQAZQByAC0AVABhAG8ALQBJAG4AcwB0AGEAYgBpAGwAaQB0AHkAIABvAGYAIAB0AGgAZQAgAHAAZQByAGkAbwBkAGkAYwAgAG4AbwBuAGwAaQBuAGUAYQByACAAUwBjAGgAcgBvAGQAaQBuAGcAZQByACAAZQBxAHUAYQB0AGkAbwBuAC0AMAAzAC4AcABkAGYADwAaAAwATQBhAGMAaQBuAHQAbwBzAGgAIABIAEQAEgCDVXNlcnMvZGF2aWRrYXJhcGV0eWFuL0RvY3VtZW50cy9NYXRoL1BhcGVycy9DaHJpc3QtQ29sbGlhbmRlci1UYW8tSW5zdGFiaWxpdHkgb2YgdGhlIHBlcmlvZGljIG5vbmxpbmVhciBTY2hyb2RpbmdlciBlcXVhdGlvbi0wMy5wZGYAABMAAS8AABUAAgAW//8AAIAF0hwdHh9YJGNsYXNzZXNaJGNsYXNzbmFtZaMfICFdTlNNdXRhYmxlRGF0YVZOU0RhdGFYTlNPYmplY3RfEGEuLi9QYXBlcnMvQ2hyaXN0LUNvbGxpYW5kZXItVGFvLUluc3RhYmlsaXR5IG9mIHRoZSBwZXJpb2RpYyBub25saW5lYXIgU2Nocm9kaW5nZXIgZXF1YXRpb24tMDMucGRm0hwdJCWiJSFcTlNEaWN0aW9uYXJ5EgABhqBfEA9OU0tleWVkQXJjaGl2ZXIACAARABYAHwAoADIANQA6ADwARQBLAFIAXQBlAGwAbwBxAHMAdgB4AHoAfACGAJMAmACgAzoDPANBA0oDVQNZA2cDbgN3A9sD4APjA/AD9QAAAAAAAAIBAAAAAAAAACgAAAAAAAAAAAAAAAAAAAQH},
	Bdsk-Url-1 = {http://arxiv.org/abs/math/0311227}}

@incollection{Tao-2002-Low-regularity-global-solutions,
	Address = {Canberra},
	Author = {Tao, Terence},
	Booktitle = {Surveys in analysis and operator theory ({C}anberra, 2001)},
	Date-Added = {2010-08-12 14:21:21 -0400},
	Date-Modified = {2010-08-12 14:21:43 -0400},
	Mrclass = {35Q53 (35B65 35L70 35Q55)},
	Mrnumber = {1953478 (2004e:35199)},
	Mrreviewer = {Hiroyuki Chihara},
	Pages = {19--48},
	Publisher = {Austral. Nat. Univ.},
	Series = {Proc. Centre Math. Appl. Austral. Nat. Univ.},
	Title = {Low-regularity global solutions to nonlinear dispersive equations},
	Volume = {40},
	Year = {2002},
	Bdsk-File-1 = {YnBsaXN0MDDUAQIDBAUIJidUJHRvcFgkb2JqZWN0c1gkdmVyc2lvblkkYXJjaGl2ZXLRBgdUcm9vdIABqAkKFRYXGyIjVSRudWxs0wsMDQ4RFFpOUy5vYmplY3RzV05TLmtleXNWJGNsYXNzog8QgASABqISE4ACgAOAB1lhbGlhc0RhdGFccmVsYXRpdmVQYXRo0hgNGRpXTlMuZGF0YU8RAnQAAAAAAnQAAgAADE1hY2ludG9zaCBIRAAAAAAAAAAAAAAAAAAAAMfOW6BIKwAAABBS7h9UYW8tTG93LXJlZ3VsYXJpdHkgIzE3QTdCRDkucGRmAAAAAAAAAAAAAAAAAAAAAAAAAAAAAAAAAAAAAAAAAAABenvZyHz6hlBERiAAAAAAAAEAAgAACSAAAAAAAAAAAAAAAAAAAAAGUGFwZXJzABAACAAAx86T4AAAABEACAAAyH0yxgAAAAEAFAAQUu4AEFLsAA/YDgAP0EUAD9AXAAIAWE1hY2ludG9zaCBIRDpVc2VyczpkYXZpZGthcmFwZXR5YW46RG9jdW1lbnRzOk1hdGg6UGFwZXJzOlRhby1Mb3ctcmVndWxhcml0eSAjMTdBN0JEOS5wZGYADgCaAEwAVABhAG8ALQBMAG8AdwAtAHIAZQBnAHUAbABhAHIAaQB0AHkAIABnAGwAbwBiAGEAbAAgAHMAbwBsAHUAdABpAG8AbgBzACAAdABvACAAbgBvAG4AbABpAG4AZQBhAHIAIABkAGkAcwBwAGUAcgBzAGkAdgBlACAAZQBxAHUAYQB0AGkAbwBuAHMALQAwADIALgBwAGQAZgAPABoADABNAGEAYwBpAG4AdABvAHMAaAAgAEgARAASAHhVc2Vycy9kYXZpZGthcmFwZXR5YW4vRG9jdW1lbnRzL01hdGgvUGFwZXJzL1Rhby1Mb3ctcmVndWxhcml0eSBnbG9iYWwgc29sdXRpb25zIHRvIG5vbmxpbmVhciBkaXNwZXJzaXZlIGVxdWF0aW9ucy0wMi5wZGYAEwABLwAAFQACABb//wAAgAXSHB0eH1gkY2xhc3Nlc1okY2xhc3NuYW1lox8gIV1OU011dGFibGVEYXRhVk5TRGF0YVhOU09iamVjdF8QVi4uL1BhcGVycy9UYW8tTG93LXJlZ3VsYXJpdHkgZ2xvYmFsIHNvbHV0aW9ucyB0byBub25saW5lYXIgZGlzcGVyc2l2ZSBlcXVhdGlvbnMtMDIucGRm0hwdJCWiJSFcTlNEaWN0aW9uYXJ5EgABhqBfEA9OU0tleWVkQXJjaGl2ZXIACAARABYAHwAoADIANQA6ADwARQBLAFIAXQBlAGwAbwBxAHMAdgB4AHoAfACGAJMAmACgAxgDGgMfAygDMwM3A0UDTANVA64DswO2A8MDyAAAAAAAAAIBAAAAAAAAACgAAAAAAAAAAAAAAAAAAAPa},
	Bdsk-Url-1 = {http://www.ams.org.proxy.library.nd.edu/mathscinet-getitem?mr=1953478}}

@book{Tao-2006-Nonlinear-dispersive-equations,
	Author = {Tao, Terence},
	Date-Added = {2010-03-15 18:48:44 -0400},
	Date-Modified = {2010-03-15 18:49:11 -0400},
	Isbn = {0-8218-4143-2},
	Mrclass = {35Q53 (35B35 35P25 35Q55 37K10)},
	Mrnumber = {MR2233925 (2008i:35211)},
	Mrreviewer = {Sebastian Herr},
	Note = {Local and global analysis},
	Pages = {xvi+373},
	Publisher = {Published for the Conference Board of the Mathematical Sciences, Washington, DC},
	Series = {CBMS Regional Conference Series in Mathematics},
	Title = {Nonlinear dispersive equations},
	Volume = {106},
	Year = {2006},
	Bdsk-File-1 = {YnBsaXN0MDDUAQIDBAUIJidUJHRvcFgkb2JqZWN0c1gkdmVyc2lvblkkYXJjaGl2ZXLRBgdUcm9vdIABqAkKFRYXGyIjVSRudWxs0wsMDQ4RFFpOUy5vYmplY3RzV05TLmtleXNWJGNsYXNzog8QgASABqISE4ACgAOAB1lhbGlhc0RhdGFccmVsYXRpdmVQYXRo0hgNGRpXTlMuZGF0YU8RAgwAAAAAAgwAAgAADE1hY2ludG9zaCBIRAAAAAAAAAAAAAAAAAAAAMfOW6BIKwAAABBS7h9UYW8tTm9ubGluZWFyIGRpc3BlciMxMDUzMzYucGRmAAAAAAAAAAAAAAAAAAAAAAAAAAAAAAAAAAAAAAAAAAAAEFM2x7f2blBERiAAAAAAAAEAAgAACSAAAAAAAAAAAAAAAAAAAAAGUGFwZXJzABAACAAAx86T4AAAABEACAAAx7g8vgAAAAEAFAAQUu4AEFLsAA/YDgAP0EUAD9AXAAIAWE1hY2ludG9zaCBIRDpVc2VyczpkYXZpZGthcmFwZXR5YW46RG9jdW1lbnRzOk1hdGg6UGFwZXJzOlRhby1Ob25saW5lYXIgZGlzcGVyIzEwNTMzNi5wZGYADgBUACkAVABhAG8ALQBOAG8AbgBsAGkAbgBlAGEAcgAgAGQAaQBzAHAAZQByAHMAaQB2AGUAIABlAHEAdQBhAHQAaQBvAG4AcwAtADAANgAuAHAAZABmAA8AGgAMAE0AYQBjAGkAbgB0AG8AcwBoACAASABEABIAVVVzZXJzL2Rhdmlka2FyYXBldHlhbi9Eb2N1bWVudHMvTWF0aC9QYXBlcnMvVGFvLU5vbmxpbmVhciBkaXNwZXJzaXZlIGVxdWF0aW9ucy0wNi5wZGYAABMAAS8AABUAAgAW//8AAIAF0hwdHh9YJGNsYXNzZXNaJGNsYXNzbmFtZaMfICFdTlNNdXRhYmxlRGF0YVZOU0RhdGFYTlNPYmplY3RfEDMuLi9QYXBlcnMvVGFvLU5vbmxpbmVhciBkaXNwZXJzaXZlIGVxdWF0aW9ucy0wNi5wZGbSHB0kJaIlIVxOU0RpY3Rpb25hcnkSAAGGoF8QD05TS2V5ZWRBcmNoaXZlcgAIABEAFgAfACgAMgA1ADoAPABFAEsAUgBdAGUAbABvAHEAcwB2AHgAegB8AIYAkwCYAKACsAKyArcCwALLAs8C3QLkAu0DIwMoAysDOAM9AAAAAAAAAgEAAAAAAAAAKAAAAAAAAAAAAAAAAAAAA08=},
	Bdsk-Url-1 = {http://www.ams.org.proxy.library.nd.edu/mathscinet-getitem?mr=2233925}}

@book{Bourgain-1999-Global-solutions-of-nonlinear,
	Address = {Providence, RI},
	Author = {Bourgain, J.},
	Date-Added = {2010-03-02 17:37:31 -0500},
	Date-Modified = {2010-03-02 17:38:33 -0500},
	Isbn = {0-8218-1919-4},
	Mrclass = {35Q55 (35Bxx 37K55 37L50)},
	Mrnumber = {MR1691575 (2000h:35147)},
	Mrreviewer = {Kenji Nakanishi},
	Pages = {viii+182},
	Publisher = {American Mathematical Society},
	Series = {American Mathematical Society Colloquium Publications},
	Title = {Global solutions of nonlinear {S}chr{\"o}dinger equations},
	Volume = {46},
	Year = {1999},
	Bdsk-Url-1 = {http://www.ams.org.proxy.library.nd.edu/mathscinet-getitem?mr=1691575}}

@article{Herr-On-the-Cauchy-p,
	Author = {Herr, Sebastian},
	Date-Added = {2010-01-26 23:35:59 -0500},
	Date-Modified = {2010-01-26 23:36:55 -0500},
	Fjournal = {International Mathematics Research Notices},
	Issn = {1073-7928},
	Journal = {Int. Math. Res. Not.},
	Mrclass = {35Q55 (35B10 35B35 35D05 35Q51)},
	Mrnumber = {MR2219223 (2007e:35258)},
	Mrreviewer = {Muthusamy Lakshmanan},
	Pages = {Art. ID 96763, 33},
	Title = {On the {C}auchy problem for the derivative nonlinear {S}chr{\"o}dinger equation with periodic boundary condition},
	Year = {2006},
	Bdsk-File-1 = {YnBsaXN0MDDUAQIDBAUIJidUJHRvcFgkb2JqZWN0c1gkdmVyc2lvblkkYXJjaGl2ZXLRBgdUcm9vdIABqAkKFRYXGyIjVSRudWxs0wsMDQ4RFFpOUy5vYmplY3RzV05TLmtleXNWJGNsYXNzog8QgASABqISE4ACgAOAB1lhbGlhc0RhdGFccmVsYXRpdmVQYXRo0hgNGRpXTlMuZGF0YU8RAzIAAAAAAzIAAgAADE1hY2ludG9zaCBIRAAAAAAAAAAAAAAAAAAAAMfOW6BIKwAAABBS7h9IZXJyLU9uIHRoZSBDYXVjaHkgcCMxMDUzMUMucGRmAAAAAAAAAAAAAAAAAAAAAAAAAAAAAAAAAAAAAAAAAAAAEFMcx4UtBAAAAAAAAAAAAAEAAgAACSAAAAAAAAAAAAAAAAAAAAAGUGFwZXJzABAACAAAx86T4AAAABEACAAAx4VzVAAAAAEAFAAQUu4AEFLsAA/YDgAP0EUAD9AXAAIAWE1hY2ludG9zaCBIRDpVc2VyczpkYXZpZGthcmFwZXR5YW46RG9jdW1lbnRzOk1hdGg6UGFwZXJzOkhlcnItT24gdGhlIENhdWNoeSBwIzEwNTMxQy5wZGYADgEYAIsASABlAHIAcgAtAE8AbgAgAHQAaABlACAAQwBhAHUAYwBoAHkAIABwAHIAbwBiAGwAZQBtACAAZgBvAHIAIAB0AGgAZQAgAGQAZQByAGkAdgBhAHQAaQB2AGUAIABuAG8AbgBsAGkAbgBlAGEAcgAgAFMAYwBoAHIAbwMIAGQAaQBuAGcAZQByACAAZQBxAHUAYQB0AGkAbwBuACAAdwBpAHQAaAAgAHAAZQByAGkAbwBkAGkAYwAgAGIAbwB1AG4AZABhAHIAeQAgAGMAbwBuAGQAaQB0AGkAbwBuAC0ASQBuAHQALgAgAE0AYQB0AGgALgAgAFIAZQBzAC4AIABOAG8AdAAuAC0AMAA2AGEALgBwAGQAZgAPABoADABNAGEAYwBpAG4AdABvAHMAaAAgAEgARAASALhVc2Vycy9kYXZpZGthcmFwZXR5YW4vRG9jdW1lbnRzL01hdGgvUGFwZXJzL0hlcnItT24gdGhlIENhdWNoeSBwcm9ibGVtIGZvciB0aGUgZGVyaXZhdGl2ZSBub25saW5lYXIgU2Nocm/MiGRpbmdlciBlcXVhdGlvbiB3aXRoIHBlcmlvZGljIGJvdW5kYXJ5IGNvbmRpdGlvbi1JbnQuIE1hdGguIFJlcy4gTm90Li0wNmEucGRmABMAAS8AABUAAgAW//8AAIAF0hwdHh9YJGNsYXNzZXNaJGNsYXNzbmFtZaMfICFdTlNNdXRhYmxlRGF0YVZOU0RhdGFYTlNPYmplY3RvEJUALgAuAC8AUABhAHAAZQByAHMALwBIAGUAcgByAC0ATwBuACAAdABoAGUAIABDAGEAdQBjAGgAeQAgAHAAcgBvAGIAbABlAG0AIABmAG8AcgAgAHQAaABlACAAZABlAHIAaQB2AGEAdABpAHYAZQAgAG4AbwBuAGwAaQBuAGUAYQByACAAUwBjAGgAcgBvAwgAZABpAG4AZwBlAHIAIABlAHEAdQBhAHQAaQBvAG4AIAB3AGkAdABoACAAcABlAHIAaQBvAGQAaQBjACAAYgBvAHUAbgBkAGEAcgB5ACAAYwBvAG4AZABpAHQAaQBvAG4ALQBJAG4AdAAuACAATQBhAHQAaAAuACAAUgBlAHMALgAgAE4AbwB0AC4ALQAwADYAYQAuAHAAZABm0hwdJCWiJSFcTlNEaWN0aW9uYXJ5EgABhqBfEA9OU0tleWVkQXJjaGl2ZXIACAARABYAHwAoADIANQA6ADwARQBLAFIAXQBlAGwAbwBxAHMAdgB4AHoAfACGAJMAmACgA9YD2APdA+YD8QP1BAMECgQTBUAFRQVIBVUFWgAAAAAAAAIBAAAAAAAAACgAAAAAAAAAAAAAAAAAAAVs},
	Bdsk-Url-1 = {http://www.ams.org.proxy.library.nd.edu/mathscinet-getitem?mr=2219223}}

@article{Grunrock_Herr-Low-regularity-,
	Author = {Gr{{\"u}}nrock, Axel and Herr, Sebastian},
	Date-Added = {2010-01-26 18:42:29 -0500},
	Date-Modified = {2010-01-26 18:42:36 -0500},
	Doi = {10.1137/070689139},
	Fjournal = {SIAM Journal on Mathematical Analysis},
	Issn = {0036-1410},
	Journal = {SIAM J. Math. Anal.},
	Mrclass = {35Q55 (35B30)},
	Mrnumber = {MR2390318 (2009a:35233)},
	Mrreviewer = {Wolf-Patrick D{{\"u}}ll},
	Number = {6},
	Pages = {1890--1920},
	Title = {Low regularity local well-posedness of the derivative nonlinear {S}chr{\"o}dinger equation with periodic initial data},
	Url = {http://dx.doi.org/10.1137/070689139},
	Volume = {39},
	Year = {2008},
	Bdsk-File-1 = {YnBsaXN0MDDUAQIDBAUIJidUJHRvcFgkb2JqZWN0c1gkdmVyc2lvblkkYXJjaGl2ZXLRBgdUcm9vdIABqAkKFRYXGyIjVSRudWxs0wsMDQ4RFFpOUy5vYmplY3RzV05TLmtleXNWJGNsYXNzog8QgASABqISE4ACgAOAB1lhbGlhc0RhdGFccmVsYXRpdmVQYXRo0hgNGRpXTlMuZGF0YU8RA1QAAAAAA1QAAgAADE1hY2ludG9zaCBIRAAAAAAAAAAAAAAAAAAAAMfOW6BIKwAAABBS7h9Hcp9ucm9ja19IZXJyLUxvdyByZSMxMDUzMTkucGRmAAAAAAAAAAAAAAAAAAAAAAAAAAAAAAAAAAAAAAAAAAAAEFMZx2xI8QAAAAAAAAAAAAEAAgAACSAAAAAAAAAAAAAAAAAAAAAGUGFwZXJzABAACAAAx86T4AAAABEACAAAx2yPQQAAAAEAFAAQUu4AEFLsAA/YDgAP0EUAD9AXAAIAWE1hY2ludG9zaCBIRDpVc2VyczpkYXZpZGthcmFwZXR5YW46RG9jdW1lbnRzOk1hdGg6UGFwZXJzOkdyn25yb2NrX0hlcnItTG93IHJlIzEwNTMxOS5wZGYADgEuAJYARwByAHUDCABuAHIAbwBjAGsAXwBIAGUAcgByAC0ATABvAHcAIAByAGUAZwB1AGwAYQByAGkAdAB5ACAAbABvAGMAYQBsACAAdwBlAGwAbAAtAHAAbwBzAGUAZABuAGUAcwBzACAAbwBmACAAdABoAGUAIABkAGUAcgBpAHYAYQB0AGkAdgBlACAAbgBvAG4AbABpAG4AZQBhAHIAIABTAGMAaAByAG8DCABkAGkAbgBnAGUAcgAgAGUAcQB1AGEAdABpAG8AbgAgAHcAaQB0AGgAIABwAGUAcgBpAG8AZABpAGMAIABpAG4AaQB0AGkAYQBsAC0AUwBJAEEATQAgAEoALgAgAE0AYQB0AGgALgAgAEEAbgBhAGwALgAtADAAOABhAC4AcABkAGYADwAaAAwATQBhAGMAaQBuAHQAbwBzAGgAIABIAEQAEgDEVXNlcnMvZGF2aWRrYXJhcGV0eWFuL0RvY3VtZW50cy9NYXRoL1BhcGVycy9HcnXMiG5yb2NrX0hlcnItTG93IHJlZ3VsYXJpdHkgbG9jYWwgd2VsbC1wb3NlZG5lc3Mgb2YgdGhlIGRlcml2YXRpdmUgbm9ubGluZWFyIFNjaHJvzIhkaW5nZXIgZXF1YXRpb24gd2l0aCBwZXJpb2RpYyBpbml0aWFsLVNJQU0gSi4gTWF0aC4gQW5hbC4tMDhhLnBkZgATAAEvAAAVAAIAFv//AACABdIcHR4fWCRjbGFzc2VzWiRjbGFzc25hbWWjHyAhXU5TTXV0YWJsZURhdGFWTlNEYXRhWE5TT2JqZWN0bxCgAC4ALgAvAFAAYQBwAGUAcgBzAC8ARwByAHUDCABuAHIAbwBjAGsAXwBIAGUAcgByAC0ATABvAHcAIAByAGUAZwB1AGwAYQByAGkAdAB5ACAAbABvAGMAYQBsACAAdwBlAGwAbAAtAHAAbwBzAGUAZABuAGUAcwBzACAAbwBmACAAdABoAGUAIABkAGUAcgBpAHYAYQB0AGkAdgBlACAAbgBvAG4AbABpAG4AZQBhAHIAIABTAGMAaAByAG8DCABkAGkAbgBnAGUAcgAgAGUAcQB1AGEAdABpAG8AbgAgAHcAaQB0AGgAIABwAGUAcgBpAG8AZABpAGMAIABpAG4AaQB0AGkAYQBsAC0AUwBJAEEATQAgAEoALgAgAE0AYQB0AGgALgAgAEEAbgBhAGwALgAtADAAOABhAC4AcABkAGbSHB0kJaIlIVxOU0RpY3Rpb25hcnkSAAGGoF8QD05TS2V5ZWRBcmNoaXZlcgAIABEAFgAfACgAMgA1ADoAPABFAEsAUgBdAGUAbABvAHEAcwB2AHgAegB8AIYAkwCYAKAD+AP6A/8ECAQTBBcEJQQsBDUFeAV9BYAFjQWSAAAAAAAAAgEAAAAAAAAAKAAAAAAAAAAAAAAAAAAABaQ=},
	Bdsk-Url-1 = {http://www.ams.org.proxy.library.nd.edu/mathscinet-getitem?mr=2390318}}

@phdthesis{Grunrock-thesis,
	Author = {Gr{{\"u}}nrock, Axel},
	Date-Added = {2010-01-26 17:17:54 -0500},
	Date-Modified = {2010-01-26 17:38:53 -0500},
	School = {Universit{\"a}t Wuppertal},
	Title = {New applications of the Fourier restriction norm method to wellposedness problems for nonlinear evolution equations},
	Year = {2002},
	Bdsk-File-1 = {YnBsaXN0MDDUAQIDBAUIJidUJHRvcFgkb2JqZWN0c1gkdmVyc2lvblkkYXJjaGl2ZXLRBgdUcm9vdIABqAkKFRYXGyIjVSRudWxs0wsMDQ4RFFpOUy5vYmplY3RzV05TLmtleXNWJGNsYXNzog8QgASABqISE4ACgAOAB1lhbGlhc0RhdGFccmVsYXRpdmVQYXRo0hgNGRpXTlMuZGF0YU8RAZ4AAAAAAZ4AAgAADE1hY2ludG9zaCBIRAAAAAAAAAAAAAAAAAAAAMfOW6BIKwAAABBS7gtkMDcwMjAzLnBkZgAAAAAAAAAAAAAAAAAAAAAAAAAAAAAAAAAAAAAAAAAAAAAAAAAAAAAAAAAAAAAAAAAAAAAAEFM8x2xgIwAAAAAAAAAAAAEAAgAACSAAAAAAAAAAAAAAAAAAAAAGUGFwZXJzABAACAAAx86T4AAAABEACAAAx2ymcwAAAAEAFAAQUu4AEFLsAA/YDgAP0EUAD9AXAAIARE1hY2ludG9zaCBIRDpVc2VyczpkYXZpZGthcmFwZXR5YW46RG9jdW1lbnRzOk1hdGg6UGFwZXJzOmQwNzAyMDMucGRmAA4AGAALAGQAMAA3ADAAMgAwADMALgBwAGQAZgAPABoADABNAGEAYwBpAG4AdABvAHMAaAAgAEgARAASADdVc2Vycy9kYXZpZGthcmFwZXR5YW4vRG9jdW1lbnRzL01hdGgvUGFwZXJzL2QwNzAyMDMucGRmAAATAAEvAAAVAAIAFv//AACABdIcHR4fWCRjbGFzc2VzWiRjbGFzc25hbWWjHyAhXU5TTXV0YWJsZURhdGFWTlNEYXRhWE5TT2JqZWN0XxAVLi4vUGFwZXJzL2QwNzAyMDMucGRm0hwdJCWiJSFcTlNEaWN0aW9uYXJ5EgABhqBfEA9OU0tleWVkQXJjaGl2ZXIACAARABYAHwAoADIANQA6ADwARQBLAFIAXQBlAGwAbwBxAHMAdgB4AHoAfACGAJMAmACgAkICRAJJAlICXQJhAm8CdgJ/ApcCnAKfAqwCsQAAAAAAAAIBAAAAAAAAACgAAAAAAAAAAAAAAAAAAALD}}

@article{Grunrock-Bi--and-triline,
	Author = {Gr{{\"u}}nrock, Axel},
	Date-Added = {2010-01-26 17:08:52 -0500},
	Date-Modified = {2010-01-26 17:08:56 -0500},
	Fjournal = {International Mathematics Research Notices},
	Issn = {1073-7928},
	Journal = {Int. Math. Res. Not.},
	Mrclass = {35Q55 (35B30)},
	Mrnumber = {MR2181058 (2007b:35298)},
	Mrreviewer = {Arthur H. Vartanian},
	Number = {41},
	Pages = {2525--2558},
	Title = {Bi- and trilinear {S}chr{\"o}dinger estimates in one space dimension with applications to cubic {NLS} and {DNLS}},
	Year = {2005},
	Bdsk-File-1 = {YnBsaXN0MDDUAQIDBAUIJidUJHRvcFgkb2JqZWN0c1gkdmVyc2lvblkkYXJjaGl2ZXLRBgdUcm9vdIABqAkKFRYXGyIjVSRudWxs0wsMDQ4RFFpOUy5vYmplY3RzV05TLmtleXNWJGNsYXNzog8QgASABqISE4ACgAOAB1lhbGlhc0RhdGFccmVsYXRpdmVQYXRo0hgNGRpXTlMuZGF0YU8RAzwAAAAAAzwAAgAADE1hY2ludG9zaCBIRAAAAAAAAAAAAAAAAAAAAMfOW6BIKwAAABBS7h9Hcp9ucm9jay1CaS0gYW5kIHRyaSMxMDUzMTgucGRmAAAAAAAAAAAAAAAAAAAAAAAAAAAAAAAAAAAAAAAAAAAAEFMYx2xaQQAAAAAAAAAAAAEAAgAACSAAAAAAAAAAAAAAAAAAAAAGUGFwZXJzABAACAAAx86T4AAAABEACAAAx2ygkQAAAAEAFAAQUu4AEFLsAA/YDgAP0EUAD9AXAAIAWE1hY2ludG9zaCBIRDpVc2VyczpkYXZpZGthcmFwZXR5YW46RG9jdW1lbnRzOk1hdGg6UGFwZXJzOkdyn25yb2NrLUJpLSBhbmQgdHJpIzEwNTMxOC5wZGYADgEeAI4ARwByAHUDCABuAHIAbwBjAGsALQBCAGkALQAgAGEAbgBkACAAdAByAGkAbABpAG4AZQBhAHIAIABTAGMAaAByAG8DCABkAGkAbgBnAGUAcgAgAGUAcwB0AGkAbQBhAHQAZQBzACAAaQBuACAAbwBuAGUAIABzAHAAYQBjAGUAIABkAGkAbQBlAG4AcwBpAG8AbgAgAHcAaQB0AGgAIABhAHAAcABsAGkAYwBhAHQAaQBvAG4AcwAgAHQAbwAgAGMAdQBiAGkAYwAgAE4ATABTACAAYQBuAGQAIABEAE4ATABTAC0ASQBuAHQALgAgAE0AYQB0AGgALgAgAFIAZQBzAC4AIABOAG8AdAAuAC0AMAA1AGEALgBwAGQAZgAPABoADABNAGEAYwBpAG4AdABvAHMAaAAgAEgARAASALxVc2Vycy9kYXZpZGthcmFwZXR5YW4vRG9jdW1lbnRzL01hdGgvUGFwZXJzL0dydcyIbnJvY2stQmktIGFuZCB0cmlsaW5lYXIgU2Nocm/MiGRpbmdlciBlc3RpbWF0ZXMgaW4gb25lIHNwYWNlIGRpbWVuc2lvbiB3aXRoIGFwcGxpY2F0aW9ucyB0byBjdWJpYyBOTFMgYW5kIEROTFMtSW50LiBNYXRoLiBSZXMuIE5vdC4tMDVhLnBkZgATAAEvAAAVAAIAFv//AACABdIcHR4fWCRjbGFzc2VzWiRjbGFzc25hbWWjHyAhXU5TTXV0YWJsZURhdGFWTlNEYXRhWE5TT2JqZWN0bxCYAC4ALgAvAFAAYQBwAGUAcgBzAC8ARwByAHUDCABuAHIAbwBjAGsALQBCAGkALQAgAGEAbgBkACAAdAByAGkAbABpAG4AZQBhAHIAIABTAGMAaAByAG8DCABkAGkAbgBnAGUAcgAgAGUAcwB0AGkAbQBhAHQAZQBzACAAaQBuACAAbwBuAGUAIABzAHAAYQBjAGUAIABkAGkAbQBlAG4AcwBpAG8AbgAgAHcAaQB0AGgAIABhAHAAcABsAGkAYwBhAHQAaQBvAG4AcwAgAHQAbwAgAGMAdQBiAGkAYwAgAE4ATABTACAAYQBuAGQAIABEAE4ATABTAC0ASQBuAHQALgAgAE0AYQB0AGgALgAgAFIAZQBzAC4AIABOAG8AdAAuAC0AMAA1AGEALgBwAGQAZtIcHSQloiUhXE5TRGljdGlvbmFyeRIAAYagXxAPTlNLZXllZEFyY2hpdmVyAAgAEQAWAB8AKAAyADUAOgA8AEUASwBSAF0AZQBsAG8AcQBzAHYAeAB6AHwAhgCTAJgAoAPgA+ID5wPwA/sD/wQNBBQEHQVQBVUFWAVlBWoAAAAAAAACAQAAAAAAAAAoAAAAAAAAAAAAAAAAAAAFfA==},
	Bdsk-Url-1 = {http://www.ams.org.proxy.library.nd.edu/mathscinet-getitem?mr=2181058}}

@article{Burq_Gerad_Tzvetkov-An-instability-,
	Author = {Burq, N. and G{{\'e}}rad, P. and Tzvetkov, N.},
	Date-Added = {2010-01-25 12:41:31 -0500},
	Date-Modified = {2010-01-25 12:43:24 -0500},
	Fjournal = {Mathematical Research Letters},
	Issn = {1073-2780},
	Journal = {Math. Res. Lett.},
	Mrclass = {35Q55 (35B35 35R25 58J35)},
	Mrnumber = {MR1909648 (2003c:35144)},
	Mrreviewer = {Peter E. Zhidkov},
	Number = {2-3},
	Pages = {323--335},
	Title = {An instability property of the nonlinear {S}chr{\"o}dinger equation on {$S^d$}},
	Volume = {9},
	Year = {2002},
	Bdsk-File-1 = {YnBsaXN0MDDUAQIDBAUIJidUJHRvcFgkb2JqZWN0c1gkdmVyc2lvblkkYXJjaGl2ZXLRBgdUcm9vdIABqAkKFRYXGyIjVSRudWxs0wsMDQ4RFFpOUy5vYmplY3RzV05TLmtleXNWJGNsYXNzog8QgASABqISE4ACgAOAB1lhbGlhc0RhdGFccmVsYXRpdmVQYXRo0hgNGRpXTlMuZGF0YU8RAvIAAAAAAvIAAgAADE1hY2ludG9zaCBIRAAAAAAAAAAAAAAAAAAAAMfOW6BIKwAAABBS7h9CdXJxX0eOcmFkX1R6dmV0a292LSMxMDUyRkIucGRmAAAAAAAAAAAAAAAAAAAAAAAAAAAAAAAAAAAAAAAAAAAAEFL7x4NCXQAAAAAAAAAAAAEAAgAACSAAAAAAAAAAAAAAAAAAAAAGUGFwZXJzABAACAAAx86T4AAAABEACAAAx4OIrQAAAAEAFAAQUu4AEFLsAA/YDgAP0EUAD9AXAAIAWE1hY2ludG9zaCBIRDpVc2VyczpkYXZpZGthcmFwZXR5YW46RG9jdW1lbnRzOk1hdGg6UGFwZXJzOkJ1cnFfR45yYWRfVHp2ZXRrb3YtIzEwNTJGQi5wZGYADgDsAHUAQgB1AHIAcQBfAEcAZQMBAHIAYQBkAF8AVAB6AHYAZQB0AGsAbwB2AC0AQQBuACAAaQBuAHMAdABhAGIAaQBsAGkAdAB5ACAAcAByAG8AcABlAHIAdAB5ACAAbwBmACAAdABoAGUAIABuAG8AbgBsAGkAbgBlAGEAcgAgAFMAYwBoAHIAbwMIAGQAaQBuAGcAZQByACAAZQBxAHUAYQB0AGkAbwBuACAAbwBuACAAJABTAF4AZAAkAC0ATQBhAHQAaAAuACAAUgBlAHMALgAgAEwAZQB0AHQALgAtADAAMgBhAC4AcABkAGYADwAaAAwATQBhAGMAaQBuAHQAbwBzAGgAIABIAEQAEgCjVXNlcnMvZGF2aWRrYXJhcGV0eWFuL0RvY3VtZW50cy9NYXRoL1BhcGVycy9CdXJxX0dlzIFyYWRfVHp2ZXRrb3YtQW4gaW5zdGFiaWxpdHkgcHJvcGVydHkgb2YgdGhlIG5vbmxpbmVhciBTY2hyb8yIZGluZ2VyIGVxdWF0aW9uIG9uICRTXmQkLU1hdGguIFJlcy4gTGV0dC4tMDJhLnBkZgAAEwABLwAAFQACABb//wAAgAXSHB0eH1gkY2xhc3Nlc1okY2xhc3NuYW1lox8gIV1OU011dGFibGVEYXRhVk5TRGF0YVhOU09iamVjdG8QfwAuAC4ALwBQAGEAcABlAHIAcwAvAEIAdQByAHEAXwBHAGUDAQByAGEAZABfAFQAegB2AGUAdABrAG8AdgAtAEEAbgAgAGkAbgBzAHQAYQBiAGkAbABpAHQAeQAgAHAAcgBvAHAAZQByAHQAeQAgAG8AZgAgAHQAaABlACAAbgBvAG4AbABpAG4AZQBhAHIAIABTAGMAaAByAG8DCABkAGkAbgBnAGUAcgAgAGUAcQB1AGEAdABpAG8AbgAgAG8AbgAgACQAUwBeAGQAJAAtAE0AYQB0AGgALgAgAFIAZQBzAC4AIABMAGUAdAB0AC4ALQAwADIAYQAuAHAAZABm0hwdJCWiJSFcTlNEaWN0aW9uYXJ5EgABhqBfEA9OU0tleWVkQXJjaGl2ZXIACAARABYAHwAoADIANQA6ADwARQBLAFIAXQBlAGwAbwBxAHMAdgB4AHoAfACGAJMAmACgA5YDmAOdA6YDsQO1A8MDygPTBNQE2QTcBOkE7gAAAAAAAAIBAAAAAAAAACgAAAAAAAAAAAAAAAAAAAUA},
	Bdsk-Url-1 = {http://www.ams.org.proxy.library.nd.edu/mathscinet-getitem?mr=1909648}}

@book{Taylor_1991_Pseudodifferent,
	Address = {Boston, MA},
	Author = {Taylor, Michael E.},
	Date-Added = {2010-01-14 12:48:49 -0800},
	Date-Modified = {2010-01-14 12:48:49 -0800},
	Isbn = {0-8176-3595-5},
	Mrclass = {35Sxx (35G20 46E35 46F99 47G30 58G15)},
	Mrnumber = {MR1121019 (92j:35193)},
	Mrreviewer = {William Margulies},
	Pages = {213},
	Publisher = {Birkh{\"a}user Boston Inc.},
	Series = {Progress in Mathematics},
	Title = {Pseudodifferential operators and nonlinear {PDE}},
	Volume = {100},
	Year = {1991},
	Bdsk-Url-1 = {http://www.ams.org.proxy.library.nd.edu/mathscinet-getitem?mr=1121019}}

@incollection{Tzvetkov_2006_Ill-posedness-i,
	Address = {Tokyo},
	Author = {Tzvetkov, Nikolay},
	Booktitle = {Lectures on nonlinear dispersive equations},
	Date-Added = {2010-01-14 12:45:03 -0800},
	Date-Modified = {2010-01-14 12:45:03 -0800},
	Mrclass = {35K90 (34L40 35B30 35Q53 37L05 58Jxx)},
	Mrnumber = {MR2404974},
	Pages = {63--103},
	Publisher = {Gakk\=otosho},
	Series = {GAKUTO Internat. Ser. Math. Sci. Appl.},
	Title = {Ill-posedness issues for nonlinear dispersive equations},
	Volume = {27},
	Year = {2006},
	Bdsk-File-1 = {YnBsaXN0MDDUAQIDBAUIJidUJHRvcFgkb2JqZWN0c1gkdmVyc2lvblkkYXJjaGl2ZXLRBgdUcm9vdIABqAkKFRYXGyIjVSRudWxs0wsMDQ4RFFpOUy5vYmplY3RzV05TLmtleXNWJGNsYXNzog8QgASABqISE4ACgAOAB1lhbGlhc0RhdGFccmVsYXRpdmVQYXRo0hgNGRpXTlMuZGF0YU8RAmYAAAAAAmYAAgAADE1hY2ludG9zaCBIRAAAAAAAAAAAAAAAAAAAAMfOW6BIKwAAABBS7h9UenZldGtvdi1JbGwtcG9zZWRuZSMxMDUzMzgucGRmAAAAAAAAAAAAAAAAAAAAAAAAAAAAAAAAAAAAAAAAAAAAEFM4x7Ue/wAAAAAAAAAAAAEAAgAACSAAAAAAAAAAAAAAAAAAAAAGUGFwZXJzABAACAAAx86T4AAAABEACAAAx7VlTwAAAAEAFAAQUu4AEFLsAA/YDgAP0EUAD9AXAAIAWE1hY2ludG9zaCBIRDpVc2VyczpkYXZpZGthcmFwZXR5YW46RG9jdW1lbnRzOk1hdGg6UGFwZXJzOlR6dmV0a292LUlsbC1wb3NlZG5lIzEwNTMzOC5wZGYADgCQAEcAVAB6AHYAZQB0AGsAbwB2AC0ASQBsAGwALQBwAG8AcwBlAGQAbgBlAHMAcwAgAGkAcwBzAHUAZQBzACAAZgBvAHIAIABuAG8AbgBsAGkAbgBlAGEAcgAgAGQAaQBzAHAAZQByAHMAaQB2AGUAIABlAHEAdQBhAHQAaQBvAG4AcwAtADAANgAuAHAAZABmAA8AGgAMAE0AYQBjAGkAbgB0AG8AcwBoACAASABEABIAc1VzZXJzL2Rhdmlka2FyYXBldHlhbi9Eb2N1bWVudHMvTWF0aC9QYXBlcnMvVHp2ZXRrb3YtSWxsLXBvc2VkbmVzcyBpc3N1ZXMgZm9yIG5vbmxpbmVhciBkaXNwZXJzaXZlIGVxdWF0aW9ucy0wNi5wZGYAABMAAS8AABUAAgAW//8AAIAF0hwdHh9YJGNsYXNzZXNaJGNsYXNzbmFtZaMfICFdTlNNdXRhYmxlRGF0YVZOU0RhdGFYTlNPYmplY3RfEFEuLi9QYXBlcnMvVHp2ZXRrb3YtSWxsLXBvc2VkbmVzcyBpc3N1ZXMgZm9yIG5vbmxpbmVhciBkaXNwZXJzaXZlIGVxdWF0aW9ucy0wNi5wZGbSHB0kJaIlIVxOU0RpY3Rpb25hcnkSAAGGoF8QD05TS2V5ZWRBcmNoaXZlcgAIABEAFgAfACgAMgA1ADoAPABFAEsAUgBdAGUAbABvAHEAcwB2AHgAegB8AIYAkwCYAKADCgMMAxEDGgMlAykDNwM+A0cDmwOgA6MDsAO1AAAAAAAAAgEAAAAAAAAAKAAAAAAAAAAAAAAAAAAAA8c=},
	Bdsk-Url-1 = {http://www.ams.org.proxy.library.nd.edu/mathscinet-getitem?mr=2404974}}

@article{Tao-Multilinear-wei,
	Author = {Tao, Terence},
	Coden = {AJMAAN},
	Date-Added = {2010-01-14 12:44:51 -0800},
	Date-Modified = {2010-01-14 12:44:51 -0800},
	Fjournal = {American Journal of Mathematics},
	Issn = {0002-9327},
	Journal = {Amer. J. Math.},
	Mrclass = {35Q53 (35L05 35Q55)},
	Mrnumber = {MR1854113 (2002k:35283)},
	Mrreviewer = {Thierry Cazenave},
	Number = {5},
	Pages = {839--908},
	Title = {Multilinear weighted convolution of {$L^2$}-functions, and applications to nonlinear dispersive equations},
	Url = {http://muse.jhu.edu/journals/american_journal_of_mathematics/v123/123.5tao.pdf},
	Volume = {123},
	Year = {2001},
	Bdsk-File-1 = {YnBsaXN0MDDUAQIDBAUIJidUJHRvcFgkb2JqZWN0c1gkdmVyc2lvblkkYXJjaGl2ZXLRBgdUcm9vdIABqAkKFRYXGyIjVSRudWxs0wsMDQ4RFFpOUy5vYmplY3RzV05TLmtleXNWJGNsYXNzog8QgASABqISE4ACgAOAB1lhbGlhc0RhdGFccmVsYXRpdmVQYXRo0hgNGRpXTlMuZGF0YU8RAxYAAAAAAxYAAgAADE1hY2ludG9zaCBIRAAAAAAAAAAAAAAAAAAAAMfOW6BIKwAAABBS7h9UYW8tTXVsdGlsaW5lYXIgd2VpZyMxMDUzMzUucGRmAAAAAAAAAAAAAAAAAAAAAAAAAAAAAAAAAAAAAAAAAAAAEFM1x17JTwAAAAAAAAAAAAEAAgAACSAAAAAAAAAAAAAAAAAAAAAGUGFwZXJzABAACAAAx86T4AAAABEACAAAx18PnwAAAAEAFAAQUu4AEFLsAA/YDgAP0EUAD9AXAAIAWE1hY2ludG9zaCBIRDpVc2VyczpkYXZpZGthcmFwZXR5YW46RG9jdW1lbnRzOk1hdGg6UGFwZXJzOlRhby1NdWx0aWxpbmVhciB3ZWlnIzEwNTMzNS5wZGYADgEGAIIAVABhAG8ALQBNAHUAbAB0AGkAbABpAG4AZQBhAHIAIAB3AGUAaQBnAGgAdABlAGQAIABjAG8AbgB2AG8AbAB1AHQAaQBvAG4AIABvAGYAIAAkAEwAXgAyACQALQBmAHUAbgBjAHQAaQBvAG4AcwAsACAAYQBuAGQAIABhAHAAcABsAGkAYwBhAHQAaQBvAG4AcwAgAHQAbwAgAG4AbwBuAGwAaQBuAGUAYQByACAAZABpAHMAcABlAHIAcwBpAHYAZQAgAGUAcQB1AGEAdABpAG8AbgBzAC0AQQBtAGUAcgAuACAASgAuACAATQBhAHQAaAAuAC0AMAAxAGEALgBwAGQAZgAPABoADABNAGEAYwBpAG4AdABvAHMAaAAgAEgARAASAK5Vc2Vycy9kYXZpZGthcmFwZXR5YW4vRG9jdW1lbnRzL01hdGgvUGFwZXJzL1Rhby1NdWx0aWxpbmVhciB3ZWlnaHRlZCBjb252b2x1dGlvbiBvZiAkTF4yJC1mdW5jdGlvbnMsIGFuZCBhcHBsaWNhdGlvbnMgdG8gbm9ubGluZWFyIGRpc3BlcnNpdmUgZXF1YXRpb25zLUFtZXIuIEouIE1hdGguLTAxYS5wZGYAEwABLwAAFQACABb//wAAgAXSHB0eH1gkY2xhc3Nlc1okY2xhc3NuYW1lox8gIV1OU011dGFibGVEYXRhVk5TRGF0YVhOU09iamVjdF8QjC4uL1BhcGVycy9UYW8tTXVsdGlsaW5lYXIgd2VpZ2h0ZWQgY29udm9sdXRpb24gb2YgJExeMiQtZnVuY3Rpb25zLCBhbmQgYXBwbGljYXRpb25zIHRvIG5vbmxpbmVhciBkaXNwZXJzaXZlIGVxdWF0aW9ucy1BbWVyLiBKLiBNYXRoLi0wMWEucGRm0hwdJCWiJSFcTlNEaWN0aW9uYXJ5EgABhqBfEA9OU0tleWVkQXJjaGl2ZXIACAARABYAHwAoADIANQA6ADwARQBLAFIAXQBlAGwAbwBxAHMAdgB4AHoAfACGAJMAmACgA7oDvAPBA8oD1QPZA+cD7gP3BIYEiwSOBJsEoAAAAAAAAAIBAAAAAAAAACgAAAAAAAAAAAAAAAAAAASy},
	Bdsk-Url-1 = {http://www.ams.org.proxy.library.nd.edu/mathscinet-getitem?mr=1854113}}

@phdthesis{Schlotthauer-Hannah-Well-posedness-,
	Address = {Notre Dame, Indiana},
	Author = {Heather Schlotthauer-Hannah},
	Date-Added = {2010-01-14 12:44:45 -0800},
	Date-Modified = {2010-01-14 12:44:45 -0800},
	Month = {April},
	School = {University of Notre Dame},
	Title = {Well-posedness and Regularity for a Higher Order Periodic mKdV Equation},
	Type = {Dissertation},
	Year = {2007},
	Bdsk-File-1 = {YnBsaXN0MDDUAQIDBAUIJidUJHRvcFgkb2JqZWN0c1gkdmVyc2lvblkkYXJjaGl2ZXLRBgdUcm9vdIABqAkKFRYXGyIjVSRudWxs0wsMDQ4RFFpOUy5vYmplY3RzV05TLmtleXNWJGNsYXNzog8QgASABqISE4ACgAOAB1lhbGlhc0RhdGFccmVsYXRpdmVQYXRo0hgNGRpXTlMuZGF0YU8RAeIAAAAAAeIAAgAADE1hY2ludG9zaCBIRAAAAAAAAAAAAAAAAAAAAMfOW6BIKwAAABBS7hxTY2hsb3R0aGF1ZXJIYW5uYWhIRDA1MDcucGRmAAAAAAAAAAAAAAAAAAAAAAAAAAAAAAAAAAAAAAAAAAAAAAAAEFM0x0wBKwAAAAAAAAAAAAEAAgAACSAAAAAAAAAAAAAAAAAAAAAGUGFwZXJzABAACAAAx86T4AAAABEACAAAx0xHewAAAAEAFAAQUu4AEFLsAA/YDgAP0EUAD9AXAAIAVU1hY2ludG9zaCBIRDpVc2VyczpkYXZpZGthcmFwZXR5YW46RG9jdW1lbnRzOk1hdGg6UGFwZXJzOlNjaGxvdHRoYXVlckhhbm5haEhEMDUwNy5wZGYAAA4AOgAcAFMAYwBoAGwAbwB0AHQAaABhAHUAZQByAEgAYQBuAG4AYQBoAEgARAAwADUAMAA3AC4AcABkAGYADwAaAAwATQBhAGMAaQBuAHQAbwBzAGgAIABIAEQAEgBIVXNlcnMvZGF2aWRrYXJhcGV0eWFuL0RvY3VtZW50cy9NYXRoL1BhcGVycy9TY2hsb3R0aGF1ZXJIYW5uYWhIRDA1MDcucGRmABMAAS8AABUAAgAW//8AAIAF0hwdHh9YJGNsYXNzZXNaJGNsYXNzbmFtZaMfICFdTlNNdXRhYmxlRGF0YVZOU0RhdGFYTlNPYmplY3RfECYuLi9QYXBlcnMvU2NobG90dGhhdWVySGFubmFoSEQwNTA3LnBkZtIcHSQloiUhXE5TRGljdGlvbmFyeRIAAYagXxAPTlNLZXllZEFyY2hpdmVyAAgAEQAWAB8AKAAyADUAOgA8AEUASwBSAF0AZQBsAG8AcQBzAHYAeAB6AHwAhgCTAJgAoAKGAogCjQKWAqECpQKzAroCwwLsAvEC9AMBAwYAAAAAAAACAQAAAAAAAAAoAAAAAAAAAAAAAAAAAAADGA==}}

@article{Himonas-Misiolek-2001-A-priori-estimates-for-Schrodinger,
	Author = {Himonas, A. Alexandrou and Misiolek, Gerard},
	Coden = {IJMTAW},
	Date-Added = {2010-01-14 12:44:33 -0800},
	Date-Modified = {2010-03-03 10:22:38 -0500},
	Fjournal = {Illinois Journal of Mathematics},
	Issn = {0019-2082},
	Journal = {Illinois J. Math.},
	Mrclass = {42B15 (35B45 35G25 35J10 35Q55)},
	Mrnumber = {MR1878623 (2002j:42018)},
	Mrreviewer = {Michael A. Perel{\cprime}muter},
	Number = {2},
	Pages = {631--640},
	Title = {A priori estimates for {S}chr{\"o}dinger type multipliers},
	Volume = {45},
	Year = {2001},
	Bdsk-File-1 = {YnBsaXN0MDDUAQIDBAUIJidUJHRvcFgkb2JqZWN0c1gkdmVyc2lvblkkYXJjaGl2ZXLRBgdUcm9vdIABqAkKFRYXGyIjVSRudWxs0wsMDQ4RFFpOUy5vYmplY3RzV05TLmtleXNWJGNsYXNzog8QgASABqISE4ACgAOAB1lhbGlhc0RhdGFccmVsYXRpdmVQYXRo0hgNGRpXTlMuZGF0YU8RAq4AAAAAAq4AAgAADE1hY2ludG9zaCBIRAAAAAAAAAAAAAAAAAAAAMfOW6BIKwAAABBS7h9IaW1vbmFzX01pc2lvbGVrLUEgcCMxMDUzMUQucGRmAAAAAAAAAAAAAAAAAAAAAAAAAAAAAAAAAAAAAAAAAAAAEFMdx2rSOwAAAAAAAAAAAAEAAgAACSAAAAAAAAAAAAAAAAAAAAAGUGFwZXJzABAACAAAx86T4AAAABEACAAAx2sYiwAAAAEAFAAQUu4AEFLsAA/YDgAP0EUAD9AXAAIAWE1hY2ludG9zaCBIRDpVc2VyczpkYXZpZGthcmFwZXR5YW46RG9jdW1lbnRzOk1hdGg6UGFwZXJzOkhpbW9uYXNfTWlzaW9sZWstQSBwIzEwNTMxRC5wZGYADgDAAF8ASABpAG0AbwBuAGEAcwBfAE0AaQBzAGkAbwBsAGUAawAtAEEAIABwAHIAaQBvAHIAaQAgAGUAcwB0AGkAbQBhAHQAZQBzACAAZgBvAHIAIABTAGMAaAByAG8DCABkAGkAbgBnAGUAcgAgAHQAeQBwAGUAIABtAHUAbAB0AGkAcABsAGkAZQByAHMALQBJAGwAbABpAG4AbwBpAHMAIABKAC4AIABNAGEAdABoAC4ALQAwADEAYQAuAHAAZABmAA8AGgAMAE0AYQBjAGkAbgB0AG8AcwBoACAASABEABIAjFVzZXJzL2Rhdmlka2FyYXBldHlhbi9Eb2N1bWVudHMvTWF0aC9QYXBlcnMvSGltb25hc19NaXNpb2xlay1BIHByaW9yaSBlc3RpbWF0ZXMgZm9yIFNjaHJvzIhkaW5nZXIgdHlwZSBtdWx0aXBsaWVycy1JbGxpbm9pcyBKLiBNYXRoLi0wMWEucGRmABMAAS8AABUAAgAW//8AAIAF0hwdHh9YJGNsYXNzZXNaJGNsYXNzbmFtZaMfICFdTlNNdXRhYmxlRGF0YVZOU0RhdGFYTlNPYmplY3RvEGkALgAuAC8AUABhAHAAZQByAHMALwBIAGkAbQBvAG4AYQBzAF8ATQBpAHMAaQBvAGwAZQBrAC0AQQAgAHAAcgBpAG8AcgBpACAAZQBzAHQAaQBtAGEAdABlAHMAIABmAG8AcgAgAFMAYwBoAHIAbwMIAGQAaQBuAGcAZQByACAAdAB5AHAAZQAgAG0AdQBsAHQAaQBwAGwAaQBlAHIAcwAtAEkAbABsAGkAbgBvAGkAcwAgAEoALgAgAE0AYQB0AGgALgAtADAAMQBhAC4AcABkAGbSHB0kJaIlIVxOU0RpY3Rpb25hcnkSAAGGoF8QD05TS2V5ZWRBcmNoaXZlcgAIABEAFgAfACgAMgA1ADoAPABFAEsAUgBdAGUAbABvAHEAcwB2AHgAegB8AIYAkwCYAKADUgNUA1kDYgNtA3EDfwOGA48EZARpBGwEeQR+AAAAAAAAAgEAAAAAAAAAKAAAAAAAAAAAAAAAAAAABJA=},
	Bdsk-Url-1 = {http://www.ams.org.proxy.library.nd.edu/mathscinet-getitem?mr=1878623}}

@article{Himonas_Misioek-The-Cauchy-prob,
	Author = {Himonas, A. Alexandrou and Misio{\l}ek, Gerard},
	Coden = {CPDIDZ},
	Date-Added = {2010-01-14 12:44:21 -0800},
	Date-Modified = {2010-08-27 17:31:35 -0400},
	Doi = {10.1080/03605309808821340},
	Fjournal = {Communications in Partial Differential Equations},
	Issn = {0360-5302},
	Journal = {Comm. Partial Differential Equations},
	Mrclass = {35Q35 (76B15)},
	Mrnumber = {MR1608504 (99b:35176)},
	Mrreviewer = {Alan Shapiro},
	Number = {1-2},
	Pages = {123--139},
	Title = {The {C}auchy problem for a shallow water type equation},
	Url = {http://dx.doi.org/10.1080/03605309808821340},
	Volume = {23},
	Year = {1998},
	Bdsk-File-1 = {YnBsaXN0MDDUAQIDBAUIJidUJHRvcFgkb2JqZWN0c1gkdmVyc2lvblkkYXJjaGl2ZXLRBgdUcm9vdIABqAkKFRYXGyIjVSRudWxs0wsMDQ4RFFpOUy5vYmplY3RzV05TLmtleXNWJGNsYXNzog8QgASABqISE4ACgAOAB1lhbGlhc0RhdGFccmVsYXRpdmVQYXRo0hgNGRpXTlMuZGF0YU8RAuIAAAAAAuIAAgAADE1hY2ludG9zaCBIRAAAAAAAAAAAAAAAAAAAAMfOW6BIKwAAABBS7hhIaW1vbmFzX01pc2lvIzEwNTMxRi5wZGYAAAAAAAAAAAAAAAAAAAAAAAAAAAAAAAAAAAAAAAAAAAAAAAAAAAAAEFMfxzr+pQAAAAAAAAAAAAEAAgAACSAAAAAAAAAAAAAAAAAAAAAGUGFwZXJzABAACAAAx86T4AAAABEACAAAxztE9QAAAAEAFAAQUu4AEFLsAA/YDgAP0EUAD9AXAAIAUU1hY2ludG9zaCBIRDpVc2VyczpkYXZpZGthcmFwZXR5YW46RG9jdW1lbnRzOk1hdGg6UGFwZXJzOkhpbW9uYXNfTWlzaW8jMTA1MzFGLnBkZgAADgDmAHIASABpAG0AbwBuAGEAcwBfAE0AaQBzAGkAbwFCAGUAawAtAFQAaABlACAAQwBhAHUAYwBoAHkAIABwAHIAbwBiAGwAZQBtACAAZgBvAHIAIABhACAAcwBoAGEAbABsAG8AdwAgAHcAYQB0AGUAcgAgAHQAeQBwAGUAIABlAHEAdQBhAHQAaQBvAG4ALQBDAG8AbQBtAC4AIABQAGEAcgB0AGkAYQBsACAARABpAGYAZgBlAHIAZQBuAHQAaQBhAGwAIABFAHEAdQBhAHQAaQBvAG4AcwAtADkAOABhAC4AcABkAGYADwAaAAwATQBhAGMAaQBuAHQAbwBzAGgAIABIAEQAEgCfVXNlcnMvZGF2aWRrYXJhcGV0eWFuL0RvY3VtZW50cy9NYXRoL1BhcGVycy9IaW1vbmFzX01pc2lvxYJlay1UaGUgQ2F1Y2h5IHByb2JsZW0gZm9yIGEgc2hhbGxvdyB3YXRlciB0eXBlIGVxdWF0aW9uLUNvbW0uIFBhcnRpYWwgRGlmZmVyZW50aWFsIEVxdWF0aW9ucy05OGEucGRmAAATAAEvAAAVAAIAFv//AACABdIcHR4fWCRjbGFzc2VzWiRjbGFzc25hbWWjHyAhXU5TTXV0YWJsZURhdGFWTlNEYXRhWE5TT2JqZWN0bxB8AC4ALgAvAFAAYQBwAGUAcgBzAC8ASABpAG0AbwBuAGEAcwBfAE0AaQBzAGkAbwFCAGUAawAtAFQAaABlACAAQwBhAHUAYwBoAHkAIABwAHIAbwBiAGwAZQBtACAAZgBvAHIAIABhACAAcwBoAGEAbABsAG8AdwAgAHcAYQB0AGUAcgAgAHQAeQBwAGUAIABlAHEAdQBhAHQAaQBvAG4ALQBDAG8AbQBtAC4AIABQAGEAcgB0AGkAYQBsACAARABpAGYAZgBlAHIAZQBuAHQAaQBhAGwAIABFAHEAdQBhAHQAaQBvAG4AcwAtADkAOABhAC4AcABkAGbSHB0kJaIlIVxOU0RpY3Rpb25hcnkSAAGGoF8QD05TS2V5ZWRBcmNoaXZlcgAIABEAFgAfACgAMgA1ADoAPABFAEsAUgBdAGUAbABvAHEAcwB2AHgAegB8AIYAkwCYAKADhgOIA40DlgOhA6UDswO6A8MEvgTDBMYE0wTYAAAAAAAAAgEAAAAAAAAAKAAAAAAAAAAAAAAAAAAABOo=},
	Bdsk-Url-1 = {http://ams.org/mathscinet-getitem?mr=1608504}}

@article{Gorsky_2007_Well-posedness-,
	Author = {Gorsky, Jennifer and Himonas, A. Alexandrou},
	Coden = {DCDIS},
	Date-Added = {2010-01-14 12:44:05 -0800},
	Date-Modified = {2010-08-27 17:33:20 -0400},
	Fjournal = {Dynamics of Continuous, Discrete \& Impulsive Systems. Series A. Mathematical Analysis},
	Issn = {1201-3390},
	Journal = {Dyn. Contin. Discrete Impuls. Syst. Ser. A Math. Anal.},
	Mrclass = {35Q53 (35B30)},
	Mrnumber = {MR2384111 (2008m:35305)},
	Number = {Advances in Dynamical Systems, suppl. S2},
	Pages = {85--90},
	Title = {Well-posedness for a class of nonlinear dispersive equations},
	Volume = {14},
	Year = {2007},
	Bdsk-Url-1 = {http://www.ams.org.proxy.library.nd.edu/mathscinet-getitem?mr=2384111}}

@book{Folland_1999_Real-analysis,
	Address = {New York},
	Author = {Folland, Gerald B.},
	Date-Added = {2010-01-14 12:43:50 -0800},
	Date-Modified = {2010-01-14 12:43:50 -0800},
	Edition = {Second},
	Isbn = {0-471-31716-0},
	Mrclass = {00A05 (26-01 28-01 46-01)},
	Mrnumber = {MR1681462 (2000c:00001)},
	Note = {Modern techniques and their applications, A Wiley-Interscience Publication},
	Pages = {xvi+386},
	Publisher = {John Wiley \& Sons Inc.},
	Series = {Pure and Applied Mathematics (New York)},
	Title = {Real analysis},
	Year = {1999},
	Bdsk-Url-1 = {http://www.ams.org.proxy.library.nd.edu/mathscinet-getitem?mr=1681462}}

@article{Colliander_Keel_Staffilani_Takaoka_Tao-A-refined-globa,
	Author = {Colliander, J. and Keel, M. and Staffilani, G. and Takaoka, H. and Tao, T.},
	Date-Added = {2010-01-14 12:43:29 -0800},
	Date-Modified = {2010-01-14 12:43:29 -0800},
	Doi = {10.1137/S0036141001394541},
	Fjournal = {SIAM Journal on Mathematical Analysis},
	Issn = {0036-1410},
	Journal = {SIAM J. Math. Anal.},
	Mrclass = {35Q55 (35B30 37K10)},
	Mrnumber = {MR1950826 (2004c:35381)},
	Mrreviewer = {J{{\"u}}rgen Scheurle},
	Number = {1},
	Pages = {64--86 (electronic)},
	Title = {A refined global well-posedness result for {S}chr{\"o}dinger equations with derivative},
	Url = {http://dx.doi.org/10.1137/S0036141001394541},
	Volume = {34},
	Year = {2002},
	Bdsk-File-1 = {YnBsaXN0MDDUAQIDBAUIJidUJHRvcFgkb2JqZWN0c1gkdmVyc2lvblkkYXJjaGl2ZXLRBgdUcm9vdIABqAkKFRYXGyIjVSRudWxs0wsMDQ4RFFpOUy5vYmplY3RzV05TLmtleXNWJGNsYXNzog8QgASABqISE4ACgAOAB1lhbGlhc0RhdGFccmVsYXRpdmVQYXRo0hgNGRpXTlMuZGF0YU8RA04AAAAAA04AAgAADE1hY2ludG9zaCBIRAAAAAAAAAAAAAAAAAAAAMfOW6BIKwAAABBS7h9Db2xsaWFuZGVyX0tlZWxfU3RhZiMxMDUzMDMucGRmAAAAAAAAAAAAAAAAAAAAAAAAAAAAAAAAAAAAAAAAAAAAEFMDx17DgQAAAAAAAAAAAAEAAgAACSAAAAAAAAAAAAAAAAAAAAAGUGFwZXJzABAACAAAx86T4AAAABEACAAAx18J0QAAAAEAFAAQUu4AEFLsAA/YDgAP0EUAD9AXAAIAWE1hY2ludG9zaCBIRDpVc2VyczpkYXZpZGthcmFwZXR5YW46RG9jdW1lbnRzOk1hdGg6UGFwZXJzOkNvbGxpYW5kZXJfS2VlbF9TdGFmIzEwNTMwMy5wZGYADgEqAJQAQwBvAGwAbABpAGEAbgBkAGUAcgBfAEsAZQBlAGwAXwBTAHQAYQBmAGYAaQBsAGEAbgBpAF8AVABhAGsAYQBvAGsAYQBfAFQAYQBvAC0AQQAgAHIAZQBmAGkAbgBlAGQAIABnAGwAbwBiAGEAbAAgAHcAZQBsAGwALQBwAG8AcwBlAGQAbgBlAHMAcwAgAHIAZQBzAHUAbAB0ACAAZgBvAHIAIABTAGMAaAByAG8DCABkAGkAbgBnAGUAcgAgAGUAcQB1AGEAdABpAG8AbgBzACAAdwBpAHQAaAAgAGQAZQByAGkAdgBhAHQAaQB2AGUALQBTAEkAQQBNACAASgAuACAATQBhAHQAaAAuACAAQQBuAGEAbAAuAC0AMAAyAGEALgBwAGQAZgAPABoADABNAGEAYwBpAG4AdABvAHMAaAAgAEgARAASAMFVc2Vycy9kYXZpZGthcmFwZXR5YW4vRG9jdW1lbnRzL01hdGgvUGFwZXJzL0NvbGxpYW5kZXJfS2VlbF9TdGFmZmlsYW5pX1Rha2Fva2FfVGFvLUEgcmVmaW5lZCBnbG9iYWwgd2VsbC1wb3NlZG5lc3MgcmVzdWx0IGZvciBTY2hyb8yIZGluZ2VyIGVxdWF0aW9ucyB3aXRoIGRlcml2YXRpdmUtU0lBTSBKLiBNYXRoLiBBbmFsLi0wMmEucGRmAAATAAEvAAAVAAIAFv//AACABdIcHR4fWCRjbGFzc2VzWiRjbGFzc25hbWWjHyAhXU5TTXV0YWJsZURhdGFWTlNEYXRhWE5TT2JqZWN0bxCeAC4ALgAvAFAAYQBwAGUAcgBzAC8AQwBvAGwAbABpAGEAbgBkAGUAcgBfAEsAZQBlAGwAXwBTAHQAYQBmAGYAaQBsAGEAbgBpAF8AVABhAGsAYQBvAGsAYQBfAFQAYQBvAC0AQQAgAHIAZQBmAGkAbgBlAGQAIABnAGwAbwBiAGEAbAAgAHcAZQBsAGwALQBwAG8AcwBlAGQAbgBlAHMAcwAgAHIAZQBzAHUAbAB0ACAAZgBvAHIAIABTAGMAaAByAG8DCABkAGkAbgBnAGUAcgAgAGUAcQB1AGEAdABpAG8AbgBzACAAdwBpAHQAaAAgAGQAZQByAGkAdgBhAHQAaQB2AGUALQBTAEkAQQBNACAASgAuACAATQBhAHQAaAAuACAAQQBuAGEAbAAuAC0AMAAyAGEALgBwAGQAZtIcHSQloiUhXE5TRGljdGlvbmFyeRIAAYagXxAPTlNLZXllZEFyY2hpdmVyAAgAEQAWAB8AKAAyADUAOgA8AEUASwBSAF0AZQBsAG8AcQBzAHYAeAB6AHwAhgCTAJgAoAPyA/QD+QQCBA0EEQQfBCYELwVuBXMFdgWDBYgAAAAAAAACAQAAAAAAAAAoAAAAAAAAAAAAAAAAAAAFmg==},
	Bdsk-Url-1 = {http://www.ams.org.proxy.library.nd.edu/mathscinet-getitem?mr=1950826}}

@article{Colliander_Keel_Staffilani_Takaoka_Tao-Multilinear-est,
	Author = {Colliander, J. and Keel, M. and Staffilani, G. and Takaoka, H. and Tao, T.},
	Coden = {JFUAAW},
	Date-Added = {2010-01-14 12:43:29 -0800},
	Date-Modified = {2010-01-14 12:43:29 -0800},
	Doi = {10.1016/S0022-1236(03)00218-0},
	Fjournal = {Journal of Functional Analysis},
	Issn = {0022-1236},
	Journal = {J. Funct. Anal.},
	Mrclass = {35Q53 (35B10 35B30)},
	Mrnumber = {MR2054622 (2005a:35241)},
	Mrreviewer = {Sen Zhong Huang},
	Number = {1},
	Pages = {173--218},
	Title = {Multilinear estimates for periodic {K}d{V} equations, and applications},
	Url = {http://dx.doi.org/10.1016/S0022-1236(03)00218-0},
	Volume = {211},
	Year = {2004},
	Bdsk-File-1 = {YnBsaXN0MDDUAQIDBAUIJidUJHRvcFgkb2JqZWN0c1gkdmVyc2lvblkkYXJjaGl2ZXLRBgdUcm9vdIABqAkKFRYXGyIjVSRudWxs0wsMDQ4RFFpOUy5vYmplY3RzV05TLmtleXNWJGNsYXNzog8QgASABqISE4ACgAOAB1lhbGlhc0RhdGFccmVsYXRpdmVQYXRo0hgNGRpXTlMuZGF0YU8RAxQAAAAAAxQAAgAADE1hY2ludG9zaCBIRAAAAAAAAAAAAAAAAAAAAMfOW6BIKwAAABBS7h9Db2xsaWFuZGVyX0tlZWxfU3RhZiMxMDUzMDQucGRmAAAAAAAAAAAAAAAAAAAAAAAAAAAAAAAAAAAAAAAAAAAAEFMEx09ATAAAAAAAAAAAAAEAAgAACSAAAAAAAAAAAAAAAAAAAAAGUGFwZXJzABAACAAAx86T4AAAABEACAAAx0+GnAAAAAEAFAAQUu4AEFLsAA/YDgAP0EUAD9AXAAIAWE1hY2ludG9zaCBIRDpVc2VyczpkYXZpZGthcmFwZXR5YW46RG9jdW1lbnRzOk1hdGg6UGFwZXJzOkNvbGxpYW5kZXJfS2VlbF9TdGFmIzEwNTMwNC5wZGYADgEEAIEAQwBvAGwAbABpAGEAbgBkAGUAcgBfAEsAZQBlAGwAXwBTAHQAYQBmAGYAaQBsAGEAbgBpAF8AVABhAGsAYQBvAGsAYQBfAFQAYQBvAC0ATQB1AGwAdABpAGwAaQBuAGUAYQByACAAZQBzAHQAaQBtAGEAdABlAHMAIABmAG8AcgAgAHAAZQByAGkAbwBkAGkAYwAgAEsAZABWACAAZQBxAHUAYQB0AGkAbwBuAHMALAAgAGEAbgBkACAAYQBwAHAAbABpAGMAYQB0AGkAbwBuAHMALQBKAC4AIABGAHUAbgBjAHQALgAgAEEAbgBhAGwALgAtADAANABhAC4AcABkAGYADwAaAAwATQBhAGMAaQBuAHQAbwBzAGgAIABIAEQAEgCtVXNlcnMvZGF2aWRrYXJhcGV0eWFuL0RvY3VtZW50cy9NYXRoL1BhcGVycy9Db2xsaWFuZGVyX0tlZWxfU3RhZmZpbGFuaV9UYWthb2thX1Rhby1NdWx0aWxpbmVhciBlc3RpbWF0ZXMgZm9yIHBlcmlvZGljIEtkViBlcXVhdGlvbnMsIGFuZCBhcHBsaWNhdGlvbnMtSi4gRnVuY3QuIEFuYWwuLTA0YS5wZGYAABMAAS8AABUAAgAW//8AAIAF0hwdHh9YJGNsYXNzZXNaJGNsYXNzbmFtZaMfICFdTlNNdXRhYmxlRGF0YVZOU0RhdGFYTlNPYmplY3RfEIsuLi9QYXBlcnMvQ29sbGlhbmRlcl9LZWVsX1N0YWZmaWxhbmlfVGFrYW9rYV9UYW8tTXVsdGlsaW5lYXIgZXN0aW1hdGVzIGZvciBwZXJpb2RpYyBLZFYgZXF1YXRpb25zLCBhbmQgYXBwbGljYXRpb25zLUouIEZ1bmN0LiBBbmFsLi0wNGEucGRm0hwdJCWiJSFcTlNEaWN0aW9uYXJ5EgABhqBfEA9OU0tleWVkQXJjaGl2ZXIACAARABYAHwAoADIANQA6ADwARQBLAFIAXQBlAGwAbwBxAHMAdgB4AHoAfACGAJMAmACgA7gDugO/A8gD0wPXA+UD7AP1BIMEiASLBJgEnQAAAAAAAAIBAAAAAAAAACgAAAAAAAAAAAAAAAAAAASv},
	Bdsk-Url-1 = {http://www.ams.org.proxy.library.nd.edu/mathscinet-getitem?mr=2054622}}

@article{Bourgain-Fourier-transfo-1,
	Author = {Bourgain, J.},
	Coden = {GFANFB},
	Date-Added = {2010-01-14 12:43:04 -0800},
	Date-Modified = {2010-01-14 12:43:04 -0800},
	Doi = {10.1007/BF01896020},
	Fjournal = {Geometric and Functional Analysis},
	Issn = {1016-443X},
	Journal = {Geom. Funct. Anal.},
	Mrclass = {35Q55 (11L07 35B10)},
	Mrnumber = {MR1209299 (95d:35160a)},
	Mrreviewer = {Yun Mei Chen},
	Number = {2},
	Pages = {107--156},
	Title = {Fourier transform restriction phenomena for certain lattice subsets and applications to nonlinear evolution equations. {I}. {S}chr{\"o}dinger equations},
	Url = {http://dx.doi.org/10.1007/BF01896020},
	Volume = {3},
	Year = {1993},
	Bdsk-File-1 = {YnBsaXN0MDDUAQIDBAUIJidUJHRvcFgkb2JqZWN0c1gkdmVyc2lvblkkYXJjaGl2ZXLRBgdUcm9vdIABqAkKFRYXGyIjVSRudWxs0wsMDQ4RFFpOUy5vYmplY3RzV05TLmtleXNWJGNsYXNzog8QgASABqISE4ACgAOAB1lhbGlhc0RhdGFccmVsYXRpdmVQYXRo0hgNGRpXTlMuZGF0YU8RA3IAAAAAA3IAAgAADE1hY2ludG9zaCBIRAAAAAAAAAAAAAAAAAAAAMfOW6BIKwAAABBS7h9Cb3VyZ2Fpbi1Gb3VyaWVyIHRyYSMxMDUyRjgucGRmAAAAAAAAAAAAAAAAAAAAAAAAAAAAAAAAAAAAAAAAAAAAEFL4x7f2U1BERiAAAAAAAAEAAgAACSAAAAAAAAAAAAAAAAAAAAAGUGFwZXJzABAACAAAx86T4AAAABEACAAAx7g8owAAAAEAFAAQUu4AEFLsAA/YDgAP0EUAD9AXAAIAWE1hY2ludG9zaCBIRDpVc2VyczpkYXZpZGthcmFwZXR5YW46RG9jdW1lbnRzOk1hdGg6UGFwZXJzOkJvdXJnYWluLUZvdXJpZXIgdHJhIzEwNTJGOC5wZGYADgFCAKAAQgBvAHUAcgBnAGEAaQBuAC0ARgBvAHUAcgBpAGUAcgAgAHQAcgBhAG4AcwBmAG8AcgBtACAAcgBlAHMAdAByAGkAYwB0AGkAbwBuACAAcABoAGUAbgBvAG0AZQBuAGEAIABmAG8AcgAgAGMAZQByAHQAYQBpAG4AIABsAGEAdAB0AGkAYwBlACAAcwB1AGIAcwBlAHQAcwAgAGEAbgBkACAAYQBwAHAAbABpAGMAYQB0AGkAbwBuAHMAIAB0AG8AIABuAG8AbgBsAGkAbgBlAGEAcgAgAGUAdgBvAGwAdQB0AGkAbwBuACAAZQBxAHUAYQB0AGkAbwBuAHMALgAgAEkALgAgAFMAYwBoAHIAbwMIAGQAaQBuAGcAZQByACAAZQBxAHUAYQB0AGkAbwBuAHMALQA5ADMALgBwAGQAZgAPABoADABNAGEAYwBpAG4AdABvAHMAaAAgAEgARAASAM1Vc2Vycy9kYXZpZGthcmFwZXR5YW4vRG9jdW1lbnRzL01hdGgvUGFwZXJzL0JvdXJnYWluLUZvdXJpZXIgdHJhbnNmb3JtIHJlc3RyaWN0aW9uIHBoZW5vbWVuYSBmb3IgY2VydGFpbiBsYXR0aWNlIHN1YnNldHMgYW5kIGFwcGxpY2F0aW9ucyB0byBub25saW5lYXIgZXZvbHV0aW9uIGVxdWF0aW9ucy4gSS4gU2Nocm/MiGRpbmdlciBlcXVhdGlvbnMtOTMucGRmAAATAAEvAAAVAAIAFv//AACABdIcHR4fWCRjbGFzc2VzWiRjbGFzc25hbWWjHyAhXU5TTXV0YWJsZURhdGFWTlNEYXRhWE5TT2JqZWN0bxCqAC4ALgAvAFAAYQBwAGUAcgBzAC8AQgBvAHUAcgBnAGEAaQBuAC0ARgBvAHUAcgBpAGUAcgAgAHQAcgBhAG4AcwBmAG8AcgBtACAAcgBlAHMAdAByAGkAYwB0AGkAbwBuACAAcABoAGUAbgBvAG0AZQBuAGEAIABmAG8AcgAgAGMAZQByAHQAYQBpAG4AIABsAGEAdAB0AGkAYwBlACAAcwB1AGIAcwBlAHQAcwAgAGEAbgBkACAAYQBwAHAAbABpAGMAYQB0AGkAbwBuAHMAIAB0AG8AIABuAG8AbgBsAGkAbgBlAGEAcgAgAGUAdgBvAGwAdQB0AGkAbwBuACAAZQBxAHUAYQB0AGkAbwBuAHMALgAgAEkALgAgAFMAYwBoAHIAbwMIAGQAaQBuAGcAZQByACAAZQBxAHUAYQB0AGkAbwBuAHMALQA5ADMALgBwAGQAZtIcHSQloiUhXE5TRGljdGlvbmFyeRIAAYagXxAPTlNLZXllZEFyY2hpdmVyAAgAEQAWAB8AKAAyADUAOgA8AEUASwBSAF0AZQBsAG8AcQBzAHYAeAB6AHwAhgCTAJgAoAQWBBgEHQQmBDEENQRDBEoEUwWqBa8FsgW/BcQAAAAAAAACAQAAAAAAAAAoAAAAAAAAAAAAAAAAAAAF1g==},
	Bdsk-Url-1 = {http://www.ams.org.proxy.library.nd.edu/mathscinet-getitem?mr=1209299}}

@article{Bourgain-Fourier-transfo,
	Author = {Bourgain, J.},
	Coden = {GFANFB},
	Date-Added = {2010-01-14 12:42:46 -0800},
	Date-Modified = {2010-01-14 12:42:46 -0800},
	Doi = {10.1007/BF01895688},
	Fjournal = {Geometric and Functional Analysis},
	Issn = {1016-443X},
	Journal = {Geom. Funct. Anal.},
	Mrclass = {35Q55},
	Mrnumber = {MR1215780 (95d:35160b)},
	Mrreviewer = {Yun Mei Chen},
	Number = {3},
	Pages = {209--262},
	Title = {Fourier transform restriction phenomena for certain lattice subsets and applications to nonlinear evolution equations. {II}. {T}he {K}d{V}-equation},
	Url = {http://dx.doi.org/10.1007/BF01895688},
	Volume = {3},
	Year = {1993},
	Bdsk-File-1 = {YnBsaXN0MDDUAQIDBAUIJidUJHRvcFgkb2JqZWN0c1gkdmVyc2lvblkkYXJjaGl2ZXLRBgdUcm9vdIABqAkKFRYXGyIjVSRudWxs0wsMDQ4RFFpOUy5vYmplY3RzV05TLmtleXNWJGNsYXNzog8QgASABqISE4ACgAOAB1lhbGlhc0RhdGFccmVsYXRpdmVQYXRo0hgNGRpXTlMuZGF0YU8RA2IAAAAAA2IAAgAADE1hY2ludG9zaCBIRAAAAAAAAAAAAAAAAAAAAMfOW6BIKwAAABBS7h9Cb3VyZ2Fpbi1Gb3VyaWVyIHRyYSMxMDUyRjkucGRmAAAAAAAAAAAAAAAAAAAAAAAAAAAAAAAAAAAAAAAAAAAAEFL5x7f2U1BERiBDQVJPAAEAAgAACSAAAAAAAAAAAAAAAAAAAAAGUGFwZXJzABAACAAAx86T4AAAABEACAAAx7g8owAAAAEAFAAQUu4AEFLsAA/YDgAP0EUAD9AXAAIAWE1hY2ludG9zaCBIRDpVc2VyczpkYXZpZGthcmFwZXR5YW46RG9jdW1lbnRzOk1hdGg6UGFwZXJzOkJvdXJnYWluLUZvdXJpZXIgdHJhIzEwNTJGOS5wZGYADgE4AJsAQgBvAHUAcgBnAGEAaQBuAC0ARgBvAHUAcgBpAGUAcgAgAHQAcgBhAG4AcwBmAG8AcgBtACAAcgBlAHMAdAByAGkAYwB0AGkAbwBuACAAcABoAGUAbgBvAG0AZQBuAGEAIABmAG8AcgAgAGMAZQByAHQAYQBpAG4AIABsAGEAdAB0AGkAYwBlACAAcwB1AGIAcwBlAHQAcwAgAGEAbgBkACAAYQBwAHAAbABpAGMAYQB0AGkAbwBuAHMAIAB0AG8AIABuAG8AbgBsAGkAbgBlAGEAcgAgAGUAdgBvAGwAdQB0AGkAbwBuACAAZQBxAHUAYQB0AGkAbwBuAHMALgAgAEkASQAuACAAVABoAGUAIABLAGQAVgAtAGUAcQB1AGEAdABpAG8AbgAtADkAMwAuAHAAZABmAA8AGgAMAE0AYQBjAGkAbgB0AG8AcwBoACAASABEABIAx1VzZXJzL2Rhdmlka2FyYXBldHlhbi9Eb2N1bWVudHMvTWF0aC9QYXBlcnMvQm91cmdhaW4tRm91cmllciB0cmFuc2Zvcm0gcmVzdHJpY3Rpb24gcGhlbm9tZW5hIGZvciBjZXJ0YWluIGxhdHRpY2Ugc3Vic2V0cyBhbmQgYXBwbGljYXRpb25zIHRvIG5vbmxpbmVhciBldm9sdXRpb24gZXF1YXRpb25zLiBJSS4gVGhlIEtkVi1lcXVhdGlvbi05My5wZGYAABMAAS8AABUAAgAW//8AAIAF0hwdHh9YJGNsYXNzZXNaJGNsYXNzbmFtZaMfICFdTlNNdXRhYmxlRGF0YVZOU0RhdGFYTlNPYmplY3RfEKUuLi9QYXBlcnMvQm91cmdhaW4tRm91cmllciB0cmFuc2Zvcm0gcmVzdHJpY3Rpb24gcGhlbm9tZW5hIGZvciBjZXJ0YWluIGxhdHRpY2Ugc3Vic2V0cyBhbmQgYXBwbGljYXRpb25zIHRvIG5vbmxpbmVhciBldm9sdXRpb24gZXF1YXRpb25zLiBJSS4gVGhlIEtkVi1lcXVhdGlvbi05My5wZGbSHB0kJaIlIVxOU0RpY3Rpb25hcnkSAAGGoF8QD05TS2V5ZWRBcmNoaXZlcgAIABEAFgAfACgAMgA1ADoAPABFAEsAUgBdAGUAbABvAHEAcwB2AHgAegB8AIYAkwCYAKAEBgQIBA0EFgQhBCUEMwQ6BEME6wTwBPMFAAUFAAAAAAAAAgEAAAAAAAAAKAAAAAAAAAAAAAAAAAAABRc=},
	Bdsk-Url-1 = {http://www.ams.org.proxy.library.nd.edu/mathscinet-getitem?mr=1215780}}
