@article {FS10,
    AUTHOR = {Farah, Luiz Gustavo and Scialom, M{\'a}rcia},
     TITLE = {On the periodic ``good'' {B}oussinesq equation},
   JOURNAL = {Proc. Amer. Math. Soc.},
  FJOURNAL = {Proceedings of the American Mathematical Society},
    VOLUME = {138},
      YEAR = {2010},
    NUMBER = {3},
     PAGES = {953--964},
      ISSN = {0002-9939},
     CODEN = {PAMYAR},
   MRCLASS = {35Q53 (35B30)},
  MRNUMBER = {2566562 (2010m:35435)},
MRREVIEWER = {Olivier J. Goubet},
       DOI = {10.1090/S0002-9939-09-10142-9},
       URL = {http://dx.doi.org/10.1090/S0002-9939-09-10142-9},
}

@article {F09,
    AUTHOR = {Farah, Luiz Gustavo},
     TITLE = {Local solutions in {S}obolev spaces with negative indices for
              the ``good'' {B}oussinesq equation},
   JOURNAL = {Comm. Partial Differential Equations},
  FJOURNAL = {Communications in Partial Differential Equations},
    VOLUME = {34},
      YEAR = {2009},
    NUMBER = {1-3},
     PAGES = {52--73},
      ISSN = {0360-5302},
     CODEN = {CPDIDZ},
   MRCLASS = {35Q53 (35B30)},
  MRNUMBER = {2512853 (2010k:35404)},
MRREVIEWER = {John Albert},
       DOI = {10.1080/03605300802682283},
       URL = {http://dx.doi.org/10.1080/03605300802682283},
}

@article {KT10,
    AUTHOR = {Kishimoto, Nobu and Tsugawa, Kotaro},
     TITLE = {Local well-posedness for quadratic nonlinear {S}chr\"odinger
              equations and the ``good'' {B}oussinesq equation},
   JOURNAL = {Differential Integral Equations},
  FJOURNAL = {Differential and Integral Equations. An International Journal
              for Theory \& Applications},
    VOLUME = {23},
      YEAR = {2010},
    NUMBER = {5-6},
     PAGES = {463--493},
      ISSN = {0893-4983},
   MRCLASS = {35Q55 (35B30 35Q53)},
  MRNUMBER = {2654246 (2011d:35466)},
}

@article {BT06,
    AUTHOR = {Bejenaru, Ioan and Tao, Terence},
     TITLE = {Sharp well-posedness and ill-posedness results for a quadratic
              non-linear {S}chr\"odinger equation},
   JOURNAL = {J. Funct. Anal.},
  FJOURNAL = {Journal of Functional Analysis},
    VOLUME = {233},
      YEAR = {2006},
    NUMBER = {1},
     PAGES = {228--259},
      ISSN = {0022-1236},
     CODEN = {JFUAAW},
   MRCLASS = {35Q55 (35B30 35R25)},
  MRNUMBER = {2204680 (2007i:35216)},
MRREVIEWER = {Justin A. Holmer},
       DOI = {10.1016/j.jfa.2005.08.004},
       URL = {http://dx.doi.org/10.1016/j.jfa.2005.08.004},
}


@article {L93,
    AUTHOR = {Linares, Felipe},
     TITLE = {Global existence of small solutions for a generalized
              {B}oussinesq equation},
   JOURNAL = {J. Differential Equations},
  FJOURNAL = {Journal of Differential Equations},
    VOLUME = {106},
      YEAR = {1993},
    NUMBER = {2},
     PAGES = {257--293},
      ISSN = {0022-0396},
     CODEN = {JDEQAK},
   MRCLASS = {35Q35 (35L75 76B15)},
  MRNUMBER = {1251854 (94k:35262)},
MRREVIEWER = {Thierry Cazenave},
       DOI = {10.1006/jdeq.1993.1108},
       URL = {http://dx.doi.org/10.1006/jdeq.1993.1108},
}

@article {FG96,
    AUTHOR = {Fang, Yung-Fu and Grillakis, Manoussos G.},
     TITLE = {Existence and uniqueness for {B}oussinesq type equations on a
              circle},
   JOURNAL = {Comm. Partial Differential Equations},
  FJOURNAL = {Communications in Partial Differential Equations},
    VOLUME = {21},
      YEAR = {1996},
    NUMBER = {7-8},
     PAGES = {1253--1277},
      ISSN = {0360-5302},
     CODEN = {CPDIDZ},
   MRCLASS = {35Q53},
  MRNUMBER = {1399198 (97d:35190)},
MRREVIEWER = {F. Pempinelli},
       DOI = {10.1080/03605309608821225},
       URL = {http://dx.doi.org/10.1080/03605309608821225},
}

@article {Liu93,
    AUTHOR = {Liu, Yue},
     TITLE = {Instability of solitary waves for generalized {B}oussinesq
              equations},
   JOURNAL = {J. Dynam. Differential Equations},
  FJOURNAL = {Journal of Dynamics and Differential Equations},
    VOLUME = {5},
      YEAR = {1993},
    NUMBER = {3},
     PAGES = {537--558},
      ISSN = {1040-7294},
     CODEN = {JDDEEH},
   MRCLASS = {35Q53 (35B35 35Q35 76B25 76E99)},
  MRNUMBER = {1235042 (95a:35129)},
MRREVIEWER = {Woodford W. Zachary},
       DOI = {10.1007/BF01053535},
       URL = {http://dx.doi.org/10.1007/BF01053535},
}

@article {Liu95,
    AUTHOR = {Liu, Yue},
     TITLE = {Instability and blow-up of solutions to a generalized
              {B}oussinesq equation},
   JOURNAL = {SIAM J. Math. Anal.},
  FJOURNAL = {SIAM Journal on Mathematical Analysis},
    VOLUME = {26},
      YEAR = {1995},
    NUMBER = {6},
     PAGES = {1527--1546},
      ISSN = {0036-1410},
     CODEN = {SJMAAH},
   MRCLASS = {35Q53 (35B05 35B35)},
  MRNUMBER = {1356458 (96g:35165)},
       DOI = {10.1137/S0036141093258094},
       URL = {http://dx.doi.org/10.1137/S0036141093258094},
}

@article {BT06,
    AUTHOR = {Bejenaru, Ioan and Tao, Terence},
     TITLE = {Sharp well-posedness and ill-posedness results for a quadratic
              non-linear {S}chr\"odinger equation},
   JOURNAL = {J. Funct. Anal.},
  FJOURNAL = {Journal of Functional Analysis},
    VOLUME = {233},
      YEAR = {2006},
    NUMBER = {1},
     PAGES = {228--259},
      ISSN = {0022-1236},
     CODEN = {JFUAAW},
   MRCLASS = {35Q55 (35B30 35R25)},
  MRNUMBER = {2204680 (2007i:35216)},
MRREVIEWER = {Justin A. Holmer},
       DOI = {10.1016/j.jfa.2005.08.004},
       URL = {http://dx.doi.org.ezp.lib.rochester.edu/10.1016/j.jfa.2005.08.004},
}